@ARTICLE{tegmark09,
       author = {{Tegmark}, Max and {Zaldarriaga}, Matias},
        title = "{Fast Fourier transform telescope}",
      journal = {\prd},
     keywords = {98.80.Es, Observational cosmology, Astrophysics, High Energy Physics - Phenomenology},
         year = "2009",
        month = "Apr",
       volume = {79},
       number = {8},
          eid = {083530},
        pages = {083530},
          doi = {10.1103/PhysRevD.79.083530},
archivePrefix = {arXiv},
       eprint = {0805.4414},
 primaryClass = {astro-ph},
       adsurl = {https://ui.adsabs.harvard.edu/abs/2009PhRvD..79h3530T},
      adsnote = {Provided by the SAO/NASA Astrophysics Data System}
}

@ARTICLE{mao08,
   author = {{Mao}, Y. and {Tegmark}, M. and {McQuinn}, M. and {Zaldarriaga}, M. and 
	{Zahn}, O.},
    title = "{How accurately can 21cm tomography constrain cosmology?}",
  journal = {\prd},
archivePrefix = "arXiv",
     year = 2008,
    month = jul,
   volume = 78,
   number = 2,
    pages = {023529},
      doi = {10.1103/PhysRevD.78.023529},
   adsurl = {http://adsabs.harvard.edu/abs/2008PhRvD..78b3529M},
  adsnote = {Provided by the SAO/NASA Astrophysics Data System}
}

@ARTICLE{clesse12,
       author = {{Clesse}, S{\'e}bastien and {Lopez-Honorez}, Laura and
         {Ringeval}, Christophe and {Tashiro}, Hiroyuki and
         {Tytgat}, Michel H.~G.},
        title = "{Background reionization history from omniscopes}",
      journal = {\prd},
     keywords = {98.80.Cq, 98.70.Vc, Particle-theory and field-theory models of the early Universe, Background radiations, Astrophysics - Cosmology and Extragalactic Astrophysics, General Relativity and Quantum Cosmology, High Energy Physics - Phenomenology, High Energy Physics - Theory},
         year = "2012",
        month = "Dec",
       volume = {86},
       number = {12},
          eid = {123506},
        pages = {123506},
          doi = {10.1103/PhysRevD.86.123506},
archivePrefix = {arXiv},
       eprint = {1208.4277},
 primaryClass = {astro-ph.CO},
       adsurl = {https://ui.adsabs.harvard.edu/abs/2012PhRvD..86l3506C},
      adsnote = {Provided by the SAO/NASA Astrophysics Data System}
}

@ARTICLE{seager99,
   author = {{Seager}, S. and {Sasselov}, D.~D. and {Scott}, D.},
    title = "{A New Calculation of the Recombination Epoch}",
  journal = {\apjl},
     year = 1999,
    month = sep,
   volume = 523,
    pages = {L1-L5},
      doi = {10.1086/312250},
   adsurl = {http://adsabs.harvard.edu/cgi-bin/nph-bib_query?bibcode=1999ApJ...523L...1S&db_key=AST},
  adsnote = {Provided by the Smithsonian/NASA Astrophysics Data System}
}

@ARTICLE{chluba11,
       author = {{Chluba}, J. and {Thomas}, R.~M.},
        title = "{Towards a complete treatment of the cosmological recombination problem}",
      journal = {\mnras},
     keywords = {cosmic background radiation, cosmological parameters, cosmology: observations, cosmology: theory, Astrophysics - Cosmology and Nongalactic Astrophysics, General Relativity and Quantum Cosmology, Physics - Atomic Physics, Quantum Physics},
         year = "2011",
        month = "Apr",
       volume = {412},
       number = {2},
        pages = {748-764},
          doi = {10.1111/j.1365-2966.2010.17940.x},
archivePrefix = {arXiv},
       eprint = {1010.3631},
 primaryClass = {astro-ph.CO},
       adsurl = {https://ui.adsabs.harvard.edu/abs/2011MNRAS.412..748C},
      adsnote = {Provided by the SAO/NASA Astrophysics Data System}
}

@MISC{alihaimoud11,
       author = {{Ali-Ha{\"\i}moud}, Yacine and {Hirata}, Christopher M.},
        title = "{HyRec: A Fast and Highly Accurate Primordial Hydrogen and Helium Recombination Code}",
     keywords = {Software},
         year = "2010",
        month = "Nov",
          eid = {ascl:1011.023},
        pages = {ascl:1011.023},
archivePrefix = {ascl},
       eprint = {1011.023},
       adsurl = {https://ui.adsabs.harvard.edu/abs/2010ascl.soft11023A},
      adsnote = {Provided by the SAO/NASA Astrophysics Data System}
}

@ARTICLE{naoz05,
   author = {{Naoz}, S. and {Barkana}, R.},
    title = "{Growth of linear perturbations before the era of the first galaxies}",
  journal = {\mnras},
     year = 2005,
    month = sep,
   volume = 362,
    pages = {1047-1053},
      doi = {10.1111/j.1365-2966.2005.09385.x},
   adsurl = {http://adsabs.harvard.edu/cgi-bin/nph-bib_query?bibcode=2005MNRAS.362.1047N&db_key=AST},
  adsnote = {Provided by the Smithsonian/NASA Astrophysics Data System}
}

@ARTICLE{tseliakhovich10,
   author = {{Tseliakhovich}, D. and {Hirata}, C.},
    title = "{Relative velocity of dark matter and baryonic fluids and the formation of the first structures}",
  journal = {\prd},
 keywords = {Superclusters; large-scale structure of the Universe, Observational cosmology},
     year = 2010,
    month = oct,
   volume = 82,
   number = 8,
      eid = {083520},
    pages = {083520},
      doi = {10.1103/PhysRevD.82.083520},
   adsurl = {http://adsabs.harvard.edu/abs/2010PhRvD..82h3520T},
  adsnote = {Provided by the SAO/NASA Astrophysics Data System}
}

@ARTICLE{dalal10,
   author = {{Dalal}, N. and {Pen}, U.-L. and {Seljak}, U.},
    title = "{Large-scale BAO signatures of the smallest galaxies}",
  journal = {\jcap},
     year = 2010,
    month = nov,
   volume = 11,
      eid = {007},
    pages = {7},
      doi = {10.1088/1475-7516/2010/11/007},
   adsurl = {http://adsabs.harvard.edu/abs/2010JCAP...11..007D},
  adsnote = {Provided by the SAO/NASA Astrophysics Data System}
}

@ARTICLE{fialkov14,
       author = {{Fialkov}, Anastasia and {Barkana}, Rennan and {Pinhas}, Arazi and
         {Visbal}, Eli},
        title = "{Complete history of the observable 21 cm signal from the first stars during the pre-reionization era}",
      journal = {\mnras},
     keywords = {galaxies: formation, galaxies: high redshift, intergalactic medium, cosmology: theory, Astrophysics - Cosmology and Nongalactic Astrophysics},
         year = "2014",
        month = "Jan",
       volume = {437},
       number = {1},
        pages = {L36-L40},
          doi = {10.1093/mnrasl/slt135},
archivePrefix = {arXiv},
       eprint = {1306.2354},
 primaryClass = {astro-ph.CO},
       adsurl = {https://ui.adsabs.harvard.edu/abs/2014MNRAS.437L..36F},
      adsnote = {Provided by the SAO/NASA Astrophysics Data System}
}

@ARTICLE{feng18,
       author = {{Feng}, Chang and {Holder}, Gilbert},
        title = "{Enhanced Global Signal of Neutral Hydrogen Due to Excess Radiation at Cosmic Dawn}",
      journal = {\apj},
     keywords = {cosmology: theory, dark ages, reionization, first stars, early universe, methods: analytical, radio continuum: general, Astrophysics - Cosmology and Nongalactic Astrophysics},
         year = "2018",
        month = "May",
       volume = {858},
       number = {2},
          eid = {L17},
        pages = {L17},
          doi = {10.3847/2041-8213/aac0fe},
archivePrefix = {arXiv},
       eprint = {1802.07432},
 primaryClass = {astro-ph.CO},
       adsurl = {https://ui.adsabs.harvard.edu/abs/2018ApJ...858L..17F},
      adsnote = {Provided by the SAO/NASA Astrophysics Data System}
}

@ARTICLE{furl06-dm,
   author = {{Furlanetto}, S.~R. and {Oh}, S.~P. and {Pierpaoli}, E.},
    title = "{Effects of dark matter decay and annihilation on the high-redshift 21cm background}",
  journal = {\prd},
   eprint = {arXiv:astro-ph/0608385},
     year = 2006,
    month = nov,
   volume = 74,
   number = 10,
    pages = {103502-+},
      doi = {10.1103/PhysRevD.74.103502},
   adsurl = {http://adsabs.harvard.edu/abs/2006PhRvD..74j3502F},
  adsnote = {Provided by the Smithsonian/NASA Astrophysics Data System}
}

@ARTICLE{chen04-decay,
   author = {{Chen}, X. and {Kamionkowski}, M.},
    title = "{Particle decays during the cosmic dark ages}",
  journal = {\prd},
     year = 2004,
    month = aug,
   volume = 70,
   number = 4,
    pages = {043502},
      doi = {10.1103/PhysRevD.70.043502},
   adsurl = {http://adsabs.harvard.edu/cgi-bin/nph-bib_query?bibcode=2004PhRvD..0d3502C&db_key=AST},
  adsnote = {Provided by the Smithsonian/NASA Astrophysics Data System}
}

@ARTICLE{loeb04,
   author = {{Loeb}, A. and {Zaldarriaga}, M.},
    title = "{Measuring the Small-Scale Power Spectrum of Cosmic Density Fluctuations through 21cm Tomography Prior to the Epoch of Structure Formation}",
  journal = {Physical Review Letters},
     year = 2004,
    month = may,
   volume = 92,
   number = 21,
    pages = {211301},
      doi = {10.1103/PhysRevLett.92.211301},
   adsurl = {http://adsabs.harvard.edu/cgi-bin/nph-bib_query?bibcode=2004PhRvL..92u1301L&db_key=AST},
  adsnote = {Provided by the Smithsonian/NASA Astrophysics Data System}
}

@ARTICLE{ripamonti07,
       author = {{Ripamonti}, E. and {Mapelli}, M. and {Ferrara}, A.},
        title = "{The impact of dark matter decays and annihilations on the formation of the first structures}",
      journal = {\mnras},
     keywords = {neutrinos, galaxies: formation, cosmology: theory, dark matter, Astrophysics},
         year = "2007",
        month = "Mar",
       volume = {375},
       number = {4},
        pages = {1399-1408},
          doi = {10.1111/j.1365-2966.2006.11402.x},
archivePrefix = {arXiv},
       eprint = {astro-ph/0606483},
 primaryClass = {astro-ph},
       adsurl = {https://ui.adsabs.harvard.edu/abs/2007MNRAS.375.1399R},
      adsnote = {Provided by the SAO/NASA Astrophysics Data System}
}

@ARTICLE{shchekinov07,
       author = {{Shchekinov}, Yu. A. and {Vasiliev}, E.~O.},
        title = "{Particle decay in the early Universe: predictions for 21 cm}",
      journal = {\mnras},
     keywords = {cosmology: theory, dark matter, diffuse radiation, early Universe, Astrophysics},
         year = "2007",
        month = "Aug",
       volume = {379},
       number = {3},
        pages = {1003-1010},
          doi = {10.1111/j.1365-2966.2007.11715.x},
archivePrefix = {arXiv},
       eprint = {astro-ph/0604231},
 primaryClass = {astro-ph},
       adsurl = {https://ui.adsabs.harvard.edu/abs/2007MNRAS.379.1003S},
      adsnote = {Provided by the SAO/NASA Astrophysics Data System}
}

@ARTICLE{kleban07,
       author = {{Kleban}, Matthew and {Sigurdson}, Kris and {Swanson}, Ian},
        title = "{Cosmic 21 cm fluctuations as a probe of fundamental physics}",
      journal = {\jcap},
     keywords = {High Energy Physics - Theory, Astrophysics, General Relativity and Quantum Cosmology, High Energy Physics - Phenomenology},
         year = "2007",
        month = "Aug",
       volume = {2007},
       number = {8},
          eid = {009},
        pages = {009},
          doi = {10.1088/1475-7516/2007/08/009},
archivePrefix = {arXiv},
       eprint = {hep-th/0703215},
 primaryClass = {hep-th},
       adsurl = {https://ui.adsabs.harvard.edu/abs/2007JCAP...08..009K},
      adsnote = {Provided by the SAO/NASA Astrophysics Data System}
}

@ARTICLE{lewis07,
       author = {{Lewis}, Antony and {Challinor}, Anthony},
        title = "{21cm angular-power spectrum from the dark ages}",
      journal = {\prd},
     keywords = {98.70.Vc, Background radiations, Astrophysics},
         year = "2007",
        month = "Oct",
       volume = {76},
       number = {8},
          eid = {083005},
        pages = {083005},
          doi = {10.1103/PhysRevD.76.083005},
archivePrefix = {arXiv},
       eprint = {astro-ph/0702600},
 primaryClass = {astro-ph},
       adsurl = {https://ui.adsabs.harvard.edu/abs/2007PhRvD..76h3005L},
      adsnote = {Provided by the SAO/NASA Astrophysics Data System}
}

@ARTICLE{chuzhoy08,
       author = {{Chuzhoy}, Leonid},
        title = "{Impact of Dark Matter Annihilation on the High-Redshift Intergalactic Medium}",
      journal = {\apjl},
     keywords = {cosmology: theory, early universe, galaxies: formation, galaxies: high-redshift, Astrophysics},
         year = "2008",
        month = "Jun",
       volume = {679},
       number = {2},
        pages = {L65},
          doi = {10.1086/589504},
archivePrefix = {arXiv},
       eprint = {0710.1856},
 primaryClass = {astro-ph},
       adsurl = {https://ui.adsabs.harvard.edu/abs/2008ApJ...679L..65C},
      adsnote = {Provided by the SAO/NASA Astrophysics Data System}
}

@ARTICLE{Bowman18,
       author = {{Bowman}, Judd D. and {Rogers}, Alan E.~E. and {Monsalve}, Raul A. and
         {Mozdzen}, Thomas J. and {Mahesh}, Nivedita},
        title = "{An absorption profile centred at 78 megahertz in the sky-averaged spectrum}",
      journal = {\nat},
     keywords = {Astrophysics - Cosmology and Nongalactic Astrophysics, Astrophysics - Instrumentation and Methods for Astrophysics},
         year = "2018",
        month = "Mar",
       volume = {555},
       number = {7694},
        pages = {67-70},
          doi = {10.1038/nature25792},
archivePrefix = {arXiv},
       eprint = {1810.05912},
 primaryClass = {astro-ph.CO},
       adsurl = {https://ui.adsabs.harvard.edu/abs/2018Natur.555...67B},
      adsnote = {Provided by the SAO/NASA Astrophysics Data System}
}

@ARTICLE{munoz19,
       author = {{Mu{\~n}oz}, Julian B.},
        title = "{Velocity-induced Acoustic Oscillations at Cosmic Dawn}",
      journal = {arXiv e-prints},
     keywords = {Astrophysics - Cosmology and Nongalactic Astrophysics},
         year = "2019",
        month = "Apr",
          eid = {arXiv:1904.07881},
        pages = {arXiv:1904.07881},
archivePrefix = {arXiv},
       eprint = {1904.07881},
 primaryClass = {astro-ph.CO},
       adsurl = {https://ui.adsabs.harvard.edu/abs/2019arXiv190407881M},
      adsnote = {Provided by the SAO/NASA Astrophysics Data System}
}

@ARTICLE{munoz19-ruler,
       author = {{Mu{\~n}oz}, Julian B.},
        title = "{A Standard Ruler at Cosmic Dawn}",
      journal = {arXiv e-prints},
     keywords = {Astrophysics - Cosmology and Nongalactic Astrophysics, High Energy Physics - Phenomenology},
         year = "2019",
        month = "Apr",
          eid = {arXiv:1904.07868},
        pages = {arXiv:1904.07868},
archivePrefix = {arXiv},
       eprint = {1904.07868},
 primaryClass = {astro-ph.CO},
       adsurl = {https://ui.adsabs.harvard.edu/abs/2019arXiv190407868M},
      adsnote = {Provided by the SAO/NASA Astrophysics Data System}
}

@ARTICLE{munoz18-ps,
       author = {{Mu{\~n}oz}, Julian B. and {Dvorkin}, Cora and {Loeb}, Abraham},
        title = "{21-cm Fluctuations from Charged Dark Matter}",
      journal = {\prl},
     keywords = {Astrophysics - Cosmology and Nongalactic Astrophysics, Astrophysics - Instrumentation and Methods for Astrophysics, High Energy Physics - Phenomenology},
         year = "2018",
        month = "Sep",
       volume = {121},
       number = {12},
          eid = {121301},
        pages = {121301},
          doi = {10.1103/PhysRevLett.121.121301},
archivePrefix = {arXiv},
       eprint = {1804.01092},
 primaryClass = {astro-ph.CO},
       adsurl = {https://ui.adsabs.harvard.edu/abs/2018PhRvL.121l1301M},
      adsnote = {Provided by the SAO/NASA Astrophysics Data System}
}

@ARTICLE{munoz18-cool,
       author = {{Mu{\~n}oz}, Julian B. and {Loeb}, Abraham},
        title = "{A small amount of mini-charged dark matter could cool the baryons in the early Universe}",
      journal = {\nat},
         year = "2018",
        month = "May",
       volume = {557},
       number = {7707},
        pages = {684-686},
          doi = {10.1038/s41586-018-0151-x},
       adsurl = {https://ui.adsabs.harvard.edu/abs/2018Natur.557..684M},
      adsnote = {Provided by the SAO/NASA Astrophysics Data System}
}

@ARTICLE{munoz15,
       author = {{Mu{\~n}oz}, Julian B. and {Kovetz}, Ely D. and
         {Ali-Ha{\"\i}moud}, Yacine},
        title = "{Heating of baryons due to scattering with dark matter during the dark ages}",
      journal = {\prd},
     keywords = {95.35.+d, 98.80.-k, Dark matter, Cosmology, Astrophysics - Cosmology and Nongalactic Astrophysics},
         year = "2015",
        month = "Oct",
       volume = {92},
       number = {8},
          eid = {083528},
        pages = {083528},
          doi = {10.1103/PhysRevD.92.083528},
archivePrefix = {arXiv},
       eprint = {1509.00029},
 primaryClass = {astro-ph.CO},
       adsurl = {https://ui.adsabs.harvard.edu/abs/2015PhRvD..92h3528M},
      adsnote = {Provided by the SAO/NASA Astrophysics Data System}
}

@ARTICLE{kovetz18,
       author = {{Kovetz}, Ely D. and {Poulin}, Vivian and {Gluscevic}, Vera and
         {Boddy}, Kimberly K. and {Barkana}, Rennan and {Kamionkowski}, Marc},
        title = "{Tighter limits on dark matter explanations of the anomalous EDGES 21 cm signal}",
      journal = {\prd},
     keywords = {Astrophysics - Cosmology and Nongalactic Astrophysics, High Energy Physics - Phenomenology, High Energy Physics - Theory},
         year = "2018",
        month = "Nov",
       volume = {98},
       number = {10},
          eid = {103529},
        pages = {103529},
          doi = {10.1103/PhysRevD.98.103529},
archivePrefix = {arXiv},
       eprint = {1807.11482},
 primaryClass = {astro-ph.CO},
       adsurl = {https://ui.adsabs.harvard.edu/abs/2018PhRvD..98j3529K},
      adsnote = {Provided by the SAO/NASA Astrophysics Data System}
}

@ARTICLE{moroi18,
       author = {{Moroi}, Takeo and {Nakayama}, Kazunori and {Tang}, Yong},
        title = "{Axion-photon conversion and effects on 21 cm observation}",
      journal = {Physics Letters B},
     keywords = {High Energy Physics - Phenomenology, Astrophysics - Cosmology and Nongalactic Astrophysics},
         year = "2018",
        month = "Aug",
       volume = {783},
        pages = {301-305},
          doi = {10.1016/j.physletb.2018.07.002},
archivePrefix = {arXiv},
       eprint = {1804.10378},
 primaryClass = {hep-ph},
       adsurl = {https://ui.adsabs.harvard.edu/abs/2018PhLB..783..301M},
      adsnote = {Provided by the SAO/NASA Astrophysics Data System}
}

@ARTICLE{barkana18,
       author = {{Barkana}, Rennan},
        title = "{Possible interaction between baryons and dark-matter particles revealed by the first stars}",
      journal = {\nat},
     keywords = {Astrophysics - Cosmology and Nongalactic Astrophysics},
         year = "2018",
        month = "Mar",
       volume = {555},
       number = {7694},
        pages = {71-74},
          doi = {10.1038/nature25791},
archivePrefix = {arXiv},
       eprint = {1803.06698},
 primaryClass = {astro-ph.CO},
       adsurl = {https://ui.adsabs.harvard.edu/abs/2018Natur.555...71B},
      adsnote = {Provided by the SAO/NASA Astrophysics Data System}
}

@ARTICLE{slatyer18,
       author = {{Slatyer}, Tracy R. and {Wu}, Chih-Liang},
        title = "{Early-Universe constraints on dark matter-baryon scattering and their implications for a global 21 cm signal}",
      journal = {\prd},
     keywords = {Astrophysics - Cosmology and Nongalactic Astrophysics, High Energy Physics - Phenomenology},
         year = "2018",
        month = "Jul",
       volume = {98},
       number = {2},
          eid = {023013},
        pages = {023013},
          doi = {10.1103/PhysRevD.98.023013},
archivePrefix = {arXiv},
       eprint = {1803.09734},
 primaryClass = {astro-ph.CO},
       adsurl = {https://ui.adsabs.harvard.edu/abs/2018PhRvD..98b3013S},
      adsnote = {Provided by the SAO/NASA Astrophysics Data System}
}

@ARTICLE{hirano18,
       author = {{Hirano}, Shingo and {Bromm}, Volker},
        title = "{Baryon-dark matter scattering and first star formation}",
      journal = {\mnras},
     keywords = {methods: numerical, stars: formation, stars: Population III, cosmology: theory, dark ages, reionization, first stars, dark matter, Astrophysics - Astrophysics of Galaxies, Astrophysics - Cosmology and Nongalactic Astrophysics},
         year = "2018",
        month = "Oct",
       volume = {480},
       number = {1},
        pages = {L85-L89},
          doi = {10.1093/mnrasl/sly132},
archivePrefix = {arXiv},
       eprint = {1803.10671},
 primaryClass = {astro-ph.GA},
       adsurl = {https://ui.adsabs.harvard.edu/abs/2018MNRAS.480L..85H},
      adsnote = {Provided by the SAO/NASA Astrophysics Data System}
}

@ARTICLE{berlin18,
       author = {{Berlin}, Asher and {Hooper}, Dan and {Krnjaic}, Gordan and
         {McDermott}, Samuel D.},
        title = "{Severely Constraining Dark-Matter Interpretations of the 21-cm Anomaly}",
      journal = {\prl},
     keywords = {High Energy Physics - Phenomenology, Astrophysics - Cosmology and Nongalactic Astrophysics, Astrophysics - Astrophysics of Galaxies, Astrophysics - High Energy Astrophysical Phenomena, Astrophysics - Instrumentation and Methods for Astrophysics},
         year = "2018",
        month = "Jul",
       volume = {121},
       number = {1},
          eid = {011102},
        pages = {011102},
          doi = {10.1103/PhysRevLett.121.011102},
archivePrefix = {arXiv},
       eprint = {1803.02804},
 primaryClass = {hep-ph},
       adsurl = {https://ui.adsabs.harvard.edu/abs/2018PhRvL.121a1102B},
      adsnote = {Provided by the SAO/NASA Astrophysics Data System}
}

@ARTICLE{cheung19,
       author = {{Cheung}, Kingman and {Kuo}, Jui-Lin and {Ng}, Kin-Wang and
         {Tsai}, Yue-Lin Sming},
        title = "{The impact of EDGES 21-cm data on dark matter interactions}",
      journal = {Physics Letters B},
     keywords = {Astrophysics - Cosmology and Nongalactic Astrophysics, Astrophysics - High Energy Astrophysical Phenomena, High Energy Physics - Phenomenology},
         year = "2019",
        month = "Feb",
       volume = {789},
        pages = {137-144},
          doi = {10.1016/j.physletb.2018.11.058},
archivePrefix = {arXiv},
       eprint = {1803.09398},
 primaryClass = {astro-ph.CO},
       adsurl = {https://ui.adsabs.harvard.edu/abs/2019PhLB..789..137C},
      adsnote = {Provided by the SAO/NASA Astrophysics Data System}
}

@ARTICLE{chianese19,
       author = {{Chianese}, M. and {Di Bari}, P. and {Farrag}, K. and {Samanta}, R.},
        title = "{Probing relic neutrino radiative decays with 21 cm cosmology}",
      journal = {Physics Letters B},
         year = "2019",
        month = "Mar",
       volume = {790},
        pages = {64-70},
          doi = {10.1016/j.physletb.2018.09.040},
       adsurl = {https://ui.adsabs.harvard.edu/abs/2019PhLB..790...64C},
      adsnote = {Provided by the SAO/NASA Astrophysics Data System}
}

@ARTICLE{falkowski18,
       author = {{Falkowski}, Adam and {Petraki}, Kalliopi},
        title = "{21cm absorption signal from charge sequestration}",
      journal = {arXiv e-prints},
     keywords = {High Energy Physics - Phenomenology, Astrophysics - Cosmology and Nongalactic Astrophysics},
         year = "2018",
        month = "Mar",
          eid = {arXiv:1803.10096},
        pages = {arXiv:1803.10096},
archivePrefix = {arXiv},
       eprint = {1803.10096},
 primaryClass = {hep-ph},
       adsurl = {https://ui.adsabs.harvard.edu/abs/2018arXiv180310096F},
      adsnote = {Provided by the SAO/NASA Astrophysics Data System}
}

@ARTICLE{lawson19,
       author = {{Lawson}, K. and {Zhitnitsky}, A.~R.},
        title = "{The 21 cm absorption line and the axion quark nugget dark matter model}",
      journal = {Physics of the Dark Universe},
     keywords = {High Energy Physics - Phenomenology, Astrophysics - Cosmology and Nongalactic Astrophysics},
         year = "2019",
        month = "Mar",
       volume = {24},
          eid = {100295},
        pages = {100295},
          doi = {10.1016/j.dark.2019.100295},
archivePrefix = {arXiv},
       eprint = {1804.07340},
 primaryClass = {hep-ph},
       adsurl = {https://ui.adsabs.harvard.edu/abs/2019PDU....24..295L},
      adsnote = {Provided by the SAO/NASA Astrophysics Data System}
}

@ARTICLE{jia19,
       author = {{Jia}, Lian-Bao and {Liao}, Xu},
        title = "{Possible s -wave annihilation for MeV dark matter with the 21-cm absorption}",
      journal = {\prd},
     keywords = {High Energy Physics - Phenomenology, Astrophysics - Cosmology and Nongalactic Astrophysics},
         year = "2019",
        month = "Aug",
       volume = {100},
       number = {3},
          eid = {035012},
        pages = {035012},
          doi = {10.1103/PhysRevD.100.035012},
archivePrefix = {arXiv},
       eprint = {1906.00559},
 primaryClass = {hep-ph},
       adsurl = {https://ui.adsabs.harvard.edu/abs/2019PhRvD.100c5012J},
      adsnote = {Provided by the SAO/NASA Astrophysics Data System}
}

@ARTICLE{costa18,
       author = {{Costa}, Andr{\'e} A. and {Landim}, Ricardo C.~G. and {Wang}, Bin and
         {Abdalla}, Elcio},
        title = "{Interacting dark energy: possible explanation for 21-cm absorption at cosmic dawn}",
      journal = {European Physical Journal C},
     keywords = {Astrophysics - Cosmology and Nongalactic Astrophysics, General Relativity and Quantum Cosmology},
         year = "2018",
        month = "Sep",
       volume = {78},
       number = {9},
          eid = {746},
        pages = {746},
          doi = {10.1140/epjc/s10052-018-6237-7},
archivePrefix = {arXiv},
       eprint = {1803.06944},
 primaryClass = {astro-ph.CO},
       adsurl = {https://ui.adsabs.harvard.edu/abs/2018EPJC...78..746C},
      adsnote = {Provided by the SAO/NASA Astrophysics Data System}
}

@ARTICLE{mirocha19,
       author = {{Mirocha}, Jordan and {Furlanetto}, Steven R.},
        title = "{What does the first highly redshifted 21-cm detection tell us about early galaxies?}",
      journal = {\mnras},
     keywords = {galaxies: high-redshift, intergalactic medium, galaxies: luminosity function, mass function, dark ages, reionization, first stars, diffuse radiation, Astrophysics - Astrophysics of Galaxies, Astrophysics - Cosmology and Nongalactic Astrophysics},
         year = "2019",
        month = "Feb",
       volume = {483},
       number = {2},
        pages = {1980-1992},
          doi = {10.1093/mnras/sty3260},
archivePrefix = {arXiv},
       eprint = {1803.03272},
 primaryClass = {astro-ph.GA},
       adsurl = {https://ui.adsabs.harvard.edu/abs/2019MNRAS.483.1980M},
      adsnote = {Provided by the SAO/NASA Astrophysics Data System}
}

@ARTICLE{pritchard12,
   author = {{Pritchard}, J.~R. and {Loeb}, A.},
    title = "{21 cm cosmology in the 21st century}",
  journal = {Reports on Progress in Physics},
archivePrefix = "arXiv",
   eprint = {1109.6012},
 primaryClass = "astro-ph.CO",
     year = 2012,
    month = aug,
   volume = 75,
   number = 8,
      eid = {086901},
    pages = {086901},
      doi = {10.1088/0034-4885/75/8/086901},
   adsurl = {http://adsabs.harvard.edu/abs/2012RPPh...75h6901P},
  adsnote = {Provided by the SAO/NASA Astrophysics Data System}
}

@ARTICLE{chen18,
       author = {{Chen}, Xingang and {Palma}, Gonzalo A. and {Scheihing H.}, Bruno and
         {Sypsas}, Spyros},
        title = "{Reconstructing the Inflationary Landscape with Cosmological Data}",
      journal = {Physical Review Letters},
     keywords = {Astrophysics - Cosmology and Nongalactic Astrophysics, High Energy Physics - Phenomenology, High Energy Physics - Theory},
         year = "2018",
        month = "Oct",
       volume = {121},
          eid = {161302},
        pages = {161302},
          doi = {10.1103/PhysRevLett.121.161302},
archivePrefix = {arXiv},
       eprint = {1806.05202},
 primaryClass = {astro-ph.CO},
       adsurl = {https://ui.adsabs.harvard.edu/\#abs/2018PhRvL.121p1302C},
      adsnote = {Provided by the SAO/NASA Astrophysics Data System}
}

@ARTICLE{munoz15-ng,
       author = {{Mu{\~n}oz}, Julian B. and {Ali-Ha{\"\i}moud}, Yacine and
         {Kamionkowski}, Marc},
        title = "{Primordial non-gaussianity from the bispectrum of 21-cm fluctuations in the dark ages}",
      journal = {Phys Rev D},
     keywords = {98.80.-k, Cosmology, Astrophysics - Cosmology and Nongalactic Astrophysics},
         year = "2015",
        month = "Oct",
       volume = {92},
          eid = {083508},
        pages = {083508},
          doi = {10.1103/PhysRevD.92.083508},
archivePrefix = {arXiv},
       eprint = {1506.04152},
 primaryClass = {astro-ph.CO},
       adsurl = {https://ui.adsabs.harvard.edu/\#abs/2015PhRvD..92h3508M},
      adsnote = {Provided by the SAO/NASA Astrophysics Data System}
}

@ARTICLE{datta14,
   author = {{Datta}, A. and {Bradley}, R. and {Burns}, J.~O. and {Harker}, G. and 
	{Komjathy}, A. and {Lazio}, T.~J.~W.},
    title = "{Effects Of The Ionosphere On Ground-Based Detection Of The Global 21 CM Signal From The Cosmic Dawn And The Dark Ages}",
  journal = {ArXiv e-prints},
archivePrefix = "arXiv",
   eprint = {1409.0513},
 keywords = {Astrophysics - Cosmology and Nongalactic Astrophysics, Astrophysics - Instrumentation and Methods for Astrophysics},
     year = 2014,
    month = sep,
   adsurl = {http://adsabs.harvard.edu/abs/2014arXiv1409.0513D},
  adsnote = {Provided by the SAO/NASA Astrophysics Data System}
}

@ARTICLE{mcquinn18,
       author = {{McQuinn}, Matthew and {D'Aloisio}, Anson},
        title = "{The observable 21cm signal from reionization may be perturbative}",
      journal = {Journal of Cosmology and Astro-Particle Physics},
     keywords = {Astrophysics - Cosmology and Nongalactic Astrophysics, Astrophysics - Astrophysics of Galaxies},
         year = "2018",
        month = "Oct",
       volume = {2018},
          eid = {016},
        pages = {016},
          doi = {10.1088/1475-7516/2018/10/016},
archivePrefix = {arXiv},
       eprint = {1806.08372},
 primaryClass = {astro-ph.CO},
       adsurl = {https://ui.adsabs.harvard.edu/\#abs/2018JCAP...10..016M},
      adsnote = {Provided by the SAO/NASA Astrophysics Data System}
}

@ARTICLE{hoffmann19,
       author = {{Hoffmann}, Kai and {Mao}, Yi and {Xu}, Jiachuan and {Mo}, Houjun and {Wand
        elt}, Benjamin D.},
        title = "{Signatures of cosmic reionization on the 21-cm two- and three-point correlation function I: quadratic bias modelling}",
      journal = {\mnras},
     keywords = {methods: analytical, methods: numerical, methods: statistical, dark ages, reionization, first stars, Astrophysics - Cosmology and Nongalactic Astrophysics},
         year = "2019",
        month = "Aug",
       volume = {487},
       number = {3},
        pages = {3050-3068},
          doi = {10.1093/mnras/stz1472},
archivePrefix = {arXiv},
       eprint = {1802.02578},
 primaryClass = {astro-ph.CO},
       adsurl = {https://ui.adsabs.harvard.edu/abs/2019MNRAS.487.3050H},
      adsnote = {Provided by the SAO/NASA Astrophysics Data System}
}

@ARTICLE{park19,
       author = {{Park}, Jaehong and {Mesinger}, Andrei and {Greig}, Bradley and
         {Gillet}, Nicolas},
        title = "{Inferring the astrophysics of reionization and cosmic dawn from galaxy luminosity functions and the 21-cm signal}",
      journal = {\mnras},
     keywords = {galaxies: high-redshift, intergalactic medium, dark ages, reionization, first stars, diffuse radiation, early Universe, cosmology: theory, Astrophysics - Astrophysics of Galaxies, Astrophysics - Cosmology and Nongalactic Astrophysics},
         year = "2019",
        month = "Mar",
       volume = {484},
       number = {1},
        pages = {933-949},
          doi = {10.1093/mnras/stz032},
archivePrefix = {arXiv},
       eprint = {1809.08995},
 primaryClass = {astro-ph.GA},
       adsurl = {https://ui.adsabs.harvard.edu/abs/2019MNRAS.484..933P},
      adsnote = {Provided by the SAO/NASA Astrophysics Data System}
}

@ARTICLE{kern17,
       author = {{Kern}, Nicholas S. and {Liu}, Adrian and {Parsons}, Aaron R. and
         {Mesinger}, Andrei and {Greig}, Bradley},
        title = "{Emulating Simulations of Cosmic Dawn for 21 cm Power Spectrum Constraints on Cosmology, Reionization, and X-Ray Heating}",
      journal = {\apj},
     keywords = {dark ages, reionization, first stars, methods: numerical, methods: statistical, Astrophysics - Cosmology and Nongalactic Astrophysics, Astrophysics - Astrophysics of Galaxies},
         year = "2017",
        month = "Oct",
       volume = {848},
       number = {1},
          eid = {23},
        pages = {23},
          doi = {10.3847/1538-4357/aa8bb4},
archivePrefix = {arXiv},
       eprint = {1705.04688},
 primaryClass = {astro-ph.CO},
       adsurl = {https://ui.adsabs.harvard.edu/abs/2017ApJ...848...23K},
      adsnote = {Provided by the SAO/NASA Astrophysics Data System}
}

@ARTICLE{mirocha17,
   author = {{Mirocha}, J. and {Furlanetto}, S.~R. and {Sun}, G.},
    title = "{The global 21-cm signal in the context of the high- z galaxy luminosity function}",
  journal = {\mnras},
archivePrefix = "arXiv",
   eprint = {1607.00386},
 keywords = {galaxies: high-redshift, intergalactic medium, galaxies: luminosity function, mass function, dark ages, reionization, first stars, diffuse radiation},
     year = 2017,
    month = jan,
   volume = 464,
    pages = {1365-1379},
      doi = {10.1093/mnras/stw2412},
   adsurl = {http://adsabs.harvard.edu/abs/2017MNRAS.464.1365M},
  adsnote = {Provided by the SAO/NASA Astrophysics Data System}
}

@ARTICLE{kaiser84,
   author = {{Kaiser}, N.},
    title = "{Minimal anisotropy of the microwave background radiation in the gravitational instability picture}",
  journal = {\apj},
     year = 1984,
    month = jul,
   volume = 282,
    pages = {374-381},
      doi = {10.1086/162213},
   adsurl = {http://adsabs.harvard.edu/cgi-bin/nph-bib_query?bibcode=1984ApJ...282..374K&db_key=AST},
  adsnote = {Provided by the Smithsonian/NASA Astrophysics Data System}
}

@ARTICLE{barkana05-vel,
   author = {{Barkana}, R. and {Loeb}, A.},
    title = "{A Method for Separating the Physics from the Astrophysics of High-Redshift 21 Centimeter Fluctuations}",
  journal = {\apjl},
     year = 2005,
    month = may,
   volume = 624,
    pages = {L65-L68},
      doi = {10.1086/430599},
   adsurl = {http://adsabs.harvard.edu/cgi-bin/nph-bib_query?bibcode=2005ApJ...624L..65B&db_key=AST},
  adsnote = {Provided by the Smithsonian/NASA Astrophysics Data System}
}

@ARTICLE{mcquinn06-param,
   author = {{McQuinn}, M. and {Zahn}, O. and {Zaldarriaga}, M. and {Hernquist}, L. and 
	{Furlanetto}, S.~R.},
    title = "{Cosmological Parameter Estimation Using 21 cm Radiation from the Epoch of Reionization}",
  journal = {\apj},
     year = 2006,
    month = dec,
   volume = 653,
    pages = {815-834},
      doi = {10.1086/505167},
   adsurl = {http://adsabs.harvard.edu/cgi-bin/nph-bib_query?bibcode=2006ApJ...653..815M&db_key=AST},
  adsnote = {Provided by the Smithsonian/NASA Astrophysics Data System}
}

@ARTICLE{bharadwaj04-vel,
   author = {{Bharadwaj}, S. and {Ali}, S.~S.},
    title = "{The cosmic microwave background radiation fluctuations from HI perturbations prior to reionization}",
  journal = {\mnras},
     year = 2004,
    month = jul,
   volume = 352,
    pages = {142-146},
      doi = {10.1111/j.1365-2966.2004.07907.x},
   adsurl = {http://adsabs.harvard.edu/cgi-bin/nph-bib_query?bibcode=2004MNRAS.352..142B&db_key=AST},
  adsnote = {Provided by the Smithsonian/NASA Astrophysics Data System}
}

@ARTICLE{shapiro13,
       author = {{Shapiro}, Paul R. and {Mao}, Yi and {Iliev}, Ilian T. and
         {Mellema}, Garrelt and {Datta}, Kanan K. and {Ahn}, Kyungjin and
         {Koda}, Jun},
        title = "{Will Nonlinear Peculiar Velocity and Inhomogeneous Reionization Spoil 21 cm Cosmology from the Epoch of Reionization?}",
      journal = {\prl},
     keywords = {98.80.Es, 95.75.Pq, 98.58.Ge, Observational cosmology, Mathematical procedures and computer techniques, HI regions and 21-cm lines, diffuse translucent and high-velocity clouds, Astrophysics - Cosmology and Extragalactic Astrophysics, Astrophysics - Instrumentation and Methods for Astrophysics},
         year = "2013",
        month = "Apr",
       volume = {110},
       number = {15},
          eid = {151301},
        pages = {151301},
          doi = {10.1103/PhysRevLett.110.151301},
archivePrefix = {arXiv},
       eprint = {1211.2036},
 primaryClass = {astro-ph.CO},
       adsurl = {https://ui.adsabs.harvard.edu/abs/2013PhRvL.110o1301S},
      adsnote = {Provided by the SAO/NASA Astrophysics Data System}
}

@ARTICLE{lidz07-ng,
   author = {{Lidz}, A. and {Zahn}, O. and {McQuinn}, M. and {Zaldarriaga}, M. and 
	{Dutta}, S. and {Hernquist}, L.},
    title = "{Higher Order Contributions to the 21 cm Power Spectrum}",
  journal = {\apj},
 keywords = {Cosmology: Theory, Galaxies: Intergalactic Medium, Cosmology: Large-Scale Structure of Universe},
     year = 2007,
    month = apr,
   volume = 659,
    pages = {865-876},
      doi = {10.1086/511670},
   adsurl = {http://adsabs.harvard.edu/abs/2007ApJ...659..865L},
  adsnote = {Provided by the SAO/NASA Astrophysics Data System}
}

@ARTICLE{yoshida03,
       author = {{Yoshida}, Naoki and {Sokasian}, Aaron and {Hernquist}, Lars and
         {Springel}, Volker},
        title = "{Early Structure Formation and Reionization in a Cosmological Model with a Running Primordial Power Spectrum}",
      journal = {\apj},
     keywords = {Cosmology: Theory, Cosmology: Early Universe, Galaxies: Formation, Cosmology: Large-Scale Structure of Universe, Methods: n-Body Simulations, Astrophysics},
         year = "2003",
        month = "Nov",
       volume = {598},
       number = {1},
        pages = {73-85},
          doi = {10.1086/378852},
archivePrefix = {arXiv},
       eprint = {astro-ph/0305517},
 primaryClass = {astro-ph},
       adsurl = {https://ui.adsabs.harvard.edu/abs/2003ApJ...598...73Y},
      adsnote = {Provided by the SAO/NASA Astrophysics Data System}
}

@ARTICLE{lopezhonorez17,
       author = {{Lopez-Honorez}, Laura and {Mena}, Olga and {Palomares-Ruiz}, Sergio and
         {Villanueva-Domingo}, Pablo},
        title = "{Warm dark matter and the ionization history of the Universe}",
      journal = {\prd},
     keywords = {Astrophysics - Cosmology and Nongalactic Astrophysics, High Energy Physics - Phenomenology},
         year = "2017",
        month = "Nov",
       volume = {96},
       number = {10},
          eid = {103539},
        pages = {103539},
          doi = {10.1103/PhysRevD.96.103539},
archivePrefix = {arXiv},
       eprint = {1703.02302},
 primaryClass = {astro-ph.CO},
       adsurl = {https://ui.adsabs.harvard.edu/abs/2017PhRvD..96j3539L},
      adsnote = {Provided by the SAO/NASA Astrophysics Data System}
}

@ARTICLE{barkana01,
       author = {{Barkana}, Rennan and {Haiman}, Zolt{\'a}n and {Ostriker}, Jeremiah P.},
        title = "{Constraints on Warm Dark Matter from Cosmological Reionization}",
      journal = {\apj},
     keywords = {Cosmology: Theory, Cosmology: Dark Matter, Galaxies: Formation, Galaxies: High-Redshift, Cosmology: Large-Scale Structure of Universe, Astrophysics},
         year = "2001",
        month = "Sep",
       volume = {558},
       number = {2},
        pages = {482-496},
          doi = {10.1086/322393},
archivePrefix = {arXiv},
       eprint = {astro-ph/0102304},
 primaryClass = {astro-ph},
       adsurl = {https://ui.adsabs.harvard.edu/abs/2001ApJ...558..482B},
      adsnote = {Provided by the SAO/NASA Astrophysics Data System}
}

@ARTICLE{yue12,
       author = {{Yue}, Bin and {Chen}, Xuelei},
        title = "{Reionization in the Warm Dark Matter Model}",
      journal = {\apj},
     keywords = {dark matter, large-scale structure of universe, Astrophysics - Cosmology and Nongalactic Astrophysics},
         year = "2012",
        month = "Mar",
       volume = {747},
       number = {2},
          eid = {127},
        pages = {127},
          doi = {10.1088/0004-637X/747/2/127},
archivePrefix = {arXiv},
       eprint = {1201.3686},
 primaryClass = {astro-ph.CO},
       adsurl = {https://ui.adsabs.harvard.edu/abs/2012ApJ...747..127Y},
      adsnote = {Provided by the SAO/NASA Astrophysics Data System}
}

@ARTICLE{liu16,
       author = {{Liu}, Adrian and {Pritchard}, Jonathan R. and {Allison}, Rupert and
         {Parsons}, Aaron R. and {Seljak}, Uro{\v{s}} and {Sherwin}, Blake D.},
        title = "{Eliminating the optical depth nuisance from the CMB with 21 cm cosmology}",
      journal = {\prd},
     keywords = {Astrophysics - Cosmology and Nongalactic Astrophysics},
         year = "2016",
        month = "Feb",
       volume = {93},
       number = {4},
          eid = {043013},
        pages = {043013},
          doi = {10.1103/PhysRevD.93.043013},
archivePrefix = {arXiv},
       eprint = {1509.08463},
 primaryClass = {astro-ph.CO},
       adsurl = {https://ui.adsabs.harvard.edu/abs/2016PhRvD..93d3013L},
      adsnote = {Provided by the SAO/NASA Astrophysics Data System}
}

@ARTICLE{liu16-cmb,
   author = {{Liu}, A. and {Parsons}, A.~R.},
    title = "{Constraining cosmology and ionization history with combined 21 cm power spectrum and global signal measurements}",
  journal = {\mnras},
archivePrefix = "arXiv",
   eprint = {1510.08815},
 keywords = {methods: data analysis, techniques: interferometric, dark ages, reionization, first stars, radio lines: general},
     year = 2016,
    month = apr,
   volume = 457,
    pages = {1864-1877},
      doi = {10.1093/mnras/stw071},
   adsurl = {http://adsabs.harvard.edu/abs/2016MNRAS.457.1864L},
  adsnote = {Provided by the SAO/NASA Astrophysics Data System}
}

@ARTICLE{bradley19,
       author = {{Bradley}, Richard F. and {Tauscher}, Keith and {Rapetti}, David and
         {Burns}, Jack O.},
        title = "{A Ground Plane Artifact that Induces an Absorption Profile in Averaged Spectra from Global 21 cm Measurements, with Possible Application to EDGES}",
      journal = {\apj},
     keywords = {cosmology: observations, instrumentation: detectors, methods: observational, Astrophysics - Instrumentation and Methods for Astrophysics, Astrophysics - Cosmology and Nongalactic Astrophysics},
         year = "2019",
        month = "Apr",
       volume = {874},
       number = {2},
          eid = {153},
        pages = {153},
          doi = {10.3847/1538-4357/ab0d8b},
archivePrefix = {arXiv},
       eprint = {1810.09015},
 primaryClass = {astro-ph.IM},
       adsurl = {https://ui.adsabs.harvard.edu/abs/2019ApJ...874..153B},
      adsnote = {Provided by the SAO/NASA Astrophysics Data System}
}

@ARTICLE{hills18,
       author = {{Hills}, Richard and {Kulkarni}, Girish and {Meerburg}, P. Daniel and
         {Puchwein}, Ewald},
        title = "{Concerns about modelling of the EDGES data}",
      journal = {\nat},
         year = "2018",
        month = "Dec",
       volume = {564},
       number = {7736},
        pages = {E32-E34},
          doi = {10.1038/s41586-018-0796-5},
       adsurl = {https://ui.adsabs.harvard.edu/abs/2018Natur.564E..32H},
      adsnote = {Provided by the SAO/NASA Astrophysics Data System}
}

@ARTICLE{draine18,
       author = {{Draine}, B.~T. and {Miralda-Escud{\'e}}, Jordi},
        title = "{Absorption by Spinning Dust: A Contaminant for High-redshift 21 cm Observations}",
      journal = {\apjl},
     keywords = {atomic processes, atmospheric effects, cosmic background radiation, dust, extinction, radiation mechanisms: general, Astrophysics - Astrophysics of Galaxies},
         year = "2018",
        month = "May",
       volume = {858},
       number = {2},
          eid = {L10},
        pages = {L10},
          doi = {10.3847/2041-8213/aac08a},
archivePrefix = {arXiv},
       eprint = {1804.02250},
 primaryClass = {astro-ph.GA},
       adsurl = {https://ui.adsabs.harvard.edu/abs/2018ApJ...858L..10D},
      adsnote = {Provided by the SAO/NASA Astrophysics Data System}
}

@ARTICLE{spinelli19,
       author = {{Spinelli}, Marta and {Bernardi}, Gianni and {Santos}, Mario G.},
        title = "{On the contamination of the global 21 cm signal from polarized foregrounds}",
      journal = {\mnras},
     keywords = {cosmology: dark ages, reionization, first stars, polarization, Astrophysics - Cosmology and Nongalactic Astrophysics},
         year = "2019",
        month = "Sep",
        pages = {2094},
          doi = {10.1093/mnras/stz2425},
archivePrefix = {arXiv},
       eprint = {1908.05303},
 primaryClass = {astro-ph.CO},
       adsurl = {https://ui.adsabs.harvard.edu/abs/2019MNRAS.tmp.2094S},
      adsnote = {Provided by the SAO/NASA Astrophysics Data System}
}

@ARTICLE{mesinger13,
       author = {{Mesinger}, Andrei and {Ferrara}, Andrea and {Spiegel}, David S.},
        title = "{Signatures of X-rays in the early Universe}",
      journal = {\mnras},
     keywords = {intergalactic medium, cosmology: theory, early Universe, dark ages, reionization, first stars, X-rays: galaxies, Astrophysics - Cosmology and Nongalactic Astrophysics},
         year = "2013",
        month = "May",
       volume = {431},
       number = {1},
        pages = {621-637},
          doi = {10.1093/mnras/stt198},
archivePrefix = {arXiv},
       eprint = {1210.7319},
 primaryClass = {astro-ph.CO},
       adsurl = {https://ui.adsabs.harvard.edu/abs/2013MNRAS.431..621M},
      adsnote = {Provided by the SAO/NASA Astrophysics Data System}
}

@ARTICLE{mesinger11,
   author = {{Mesinger}, A. and {Furlanetto}, S. and {Cen}, R.},
    title = "{21CMFAST: a fast, seminumerical simulation of the high-redshift 21-cm signal}",
  journal = {\mnras},
 keywords = {methods: numerical, galaxies: high redshift, dark ages, reionization, first stars, diffuse radiation, early Universe, large-scale structure of Universe},
     year = 2011,
    month = feb,
   volume = 411,
    pages = {955-972},
      doi = {10.1111/j.1365-2966.2010.17731.x},
   adsurl = {http://adsabs.harvard.edu/abs/2011MNRAS.411..955M},
  adsnote = {Provided by the SAO/NASA Astrophysics Data System}
}

@ARTICLE{mao12,
   author = {{Mao}, Y. and {Shapiro}, P.~R. and {Mellema}, G. and {Iliev}, I.~T. and 
	{Koda}, J. and {Ahn}, K.},
    title = "{Redshift-space distortion of the 21-cm background from the epoch of reionization - I. Methodology re-examined}",
  journal = {\mnras},
archivePrefix = "arXiv",
   eprint = {1104.2094},
 primaryClass = "astro-ph.CO",
 keywords = {radiative transfer, methods: analytical, methods: numerical, intergalactic medium, cosmology: theory, dark ages, reionization, first stars},
     year = 2012,
    month = may,
   volume = 422,
    pages = {926-954},
      doi = {10.1111/j.1365-2966.2012.20471.x},
   adsurl = {http://adsabs.harvard.edu/abs/2012MNRAS.422..926M},
  adsnote = {Provided by the SAO/NASA Astrophysics Data System}
}

@ARTICLE{ghara15,
       author = {{Ghara}, Raghunath and {Choudhury}, T. Roy and {Datta}, Kanan K.},
        title = "{21 cm signal from cosmic dawn: imprints of spin temperature fluctuations and peculiar velocities}",
      journal = {\mnras},
     keywords = {radiative transfer, galaxies: formation, intergalactic medium, cosmology: theory, dark ages, reionization, first stars, X-rays: galaxies, Astrophysics - Cosmology and Nongalactic Astrophysics},
         year = "2015",
        month = "Feb",
       volume = {447},
       number = {2},
        pages = {1806-1825},
          doi = {10.1093/mnras/stu2512},
archivePrefix = {arXiv},
       eprint = {1406.4157},
 primaryClass = {astro-ph.CO},
       adsurl = {https://ui.adsabs.harvard.edu/abs/2015MNRAS.447.1806G},
      adsnote = {Provided by the SAO/NASA Astrophysics Data System}
}

@ARTICLE{sitwell14,
       author = {{Sitwell}, Michael and {Mesinger}, Andrei and {Ma}, Yin-Zhe and
         {Sigurdson}, Kris},
        title = "{The imprint of warm dark matter on the cosmological 21-cm signal}",
      journal = {\mnras},
     keywords = {cosmology: theory, dark matter, large-scale structure of Universe, Astrophysics - Cosmology and Nongalactic Astrophysics},
         year = "2014",
        month = "Mar",
       volume = {438},
       number = {3},
        pages = {2664-2671},
          doi = {10.1093/mnras/stt2392},
archivePrefix = {arXiv},
       eprint = {1310.0029},
 primaryClass = {astro-ph.CO},
       adsurl = {https://ui.adsabs.harvard.edu/abs/2014MNRAS.438.2664S},
      adsnote = {Provided by the SAO/NASA Astrophysics Data System}
}

@ARTICLE{evoli14,
       author = {{Evoli}, C. and {Mesinger}, A. and {Ferrara}, A.},
        title = "{Unveiling the nature of dark matter with high redshift 21 cm line experiments}",
      journal = {\jcap},
     keywords = {Astrophysics - High Energy Astrophysical Phenomena, Astrophysics - Cosmology and Nongalactic Astrophysics},
         year = "2014",
        month = "Nov",
       volume = {2014},
       number = {11},
          eid = {024},
        pages = {024},
          doi = {10.1088/1475-7516/2014/11/024},
archivePrefix = {arXiv},
       eprint = {1408.1109},
 primaryClass = {astro-ph.HE},
       adsurl = {https://ui.adsabs.harvard.edu/abs/2014JCAP...11..024E},
      adsnote = {Provided by the SAO/NASA Astrophysics Data System}
}

@ARTICLE{lopez16,
       author = {{Lopez-Honorez}, Laura and {Mena}, Olga and {Molin{\'e}}, {\'A}ngeles and
         {Palomares-Ruiz}, Sergio and {Vincent}, Aaron C.},
        title = "{The 21 cm signal and the interplay between dark matter annihilations and astrophysical processes}",
      journal = {\jcap},
     keywords = {Astrophysics - Cosmology and Nongalactic Astrophysics, High Energy Physics - Phenomenology},
         year = "2016",
        month = "Aug",
       volume = {2016},
       number = {8},
          eid = {004},
        pages = {004},
          doi = {10.1088/1475-7516/2016/08/004},
archivePrefix = {arXiv},
       eprint = {1603.06795},
 primaryClass = {astro-ph.CO},
       adsurl = {https://ui.adsabs.harvard.edu/abs/2016JCAP...08..004L},
      adsnote = {Provided by the SAO/NASA Astrophysics Data System}
}



