@ARTICLE{beardsley16,
   author = {{Beardsley}, A.~P. and {Hazelton}, B.~J. and {Sullivan}, I.~S. and 
	{Carroll}, P. and {Barry}, N. and {Rahimi}, M. and {Pindor}, B. and 
	{Trott}, C.~M. and {Line}, J. and {Jacobs}, D.~C. and {Morales}, M.~F. and 
	{Pober}, J.~C. and {Bernardi}, G. and {Bowman}, J.~D. and {Busch}, M.~P. and 
	{Briggs}, F. and {Cappallo}, R.~J. and {Corey}, B.~E. and {de Oliveira-Costa}, A. and 
	{Dillon}, J.~S. and {Emrich}, D. and {Ewall-Wice}, A. and {Feng}, L. and 
	{Gaensler}, B.~M. and {Goeke}, R. and {Greenhill}, L.~J. and 
	{Hewitt}, J.~N. and {Hurley-Walker}, N. and {Johnston-Hollitt}, M. and 
	{Kaplan}, D.~L. and {Kasper}, J.~C. and {Kim}, H.~S. and {Kratzenberg}, E. and 
	{Lenc}, E. and {Loeb}, A. and {Lonsdale}, C.~J. and {Lynch}, M.~J. and 
	{McKinley}, B. and {McWhirter}, S.~R. and {Mitchell}, D.~A. and 
	{Morgan}, E. and {Neben}, A.~R. and {Thyagarajan}, N. and {Oberoi}, D. and 
	{Offringa}, A.~R. and {Ord}, S.~M. and {Paul}, S. and {Prabu}, T. and 
	{Procopio}, P. and {Riding}, J. and {Rogers}, A.~E.~E. and {Roshi}, A. and 
	{Udaya Shankar}, N. and {Sethi}, S.~K. and {Srivani}, K.~S. and 
	{Subrahmanyan}, R. and {Tegmark}, M. and {Tingay}, S.~J. and 
	{Waterson}, M. and {Wayth}, R.~B. and {Webster}, R.~L. and {Whitney}, A.~R. and 
	{Williams}, A. and {Williams}, C.~L. and {Wu}, C. and {Wyithe}, J.~S.~B.
	},
    title = "{First Season MWA EoR Power spectrum Results at Redshift 7}",
  journal = {\apj},
archivePrefix = "arXiv",
   eprint = {1608.06281},
 primaryClass = "astro-ph.IM",
 keywords = {cosmology: observations, cosmology: reionization},
     year = 2016,
    month = dec,
   volume = 833,
      eid = {102},
    pages = {102},
      doi = {10.3847/1538-4357/833/1/102},
   adsurl = {https://ui.adsabs.harvard.edu/abs/2016ApJ...833..102B},
  adsnote = {Provided by the SAO/NASA Astrophysics Data System}
}


@ARTICLE{bernardi15,
   author = {{Bernardi}, G. and {McQuinn}, M. and {Greenhill}, L.~J.},
    title = "{Foreground Model and Antenna Calibration Errors in the Measurement of the Sky-averaged {$\lambda$}21 cm Signal at z\~{} 20}",
  journal = {\apj},
archivePrefix = "arXiv",
   eprint = {1404.0887},
 keywords = {cosmology: observations, dark ages, reionization, first stars, early universe, intergalactic medium, methods: observational, techniques: interferometric },
     year = 2015,
    month = jan,
   volume = 799,
      eid = {90},
    pages = {90},
      doi = {10.1088/0004-637X/799/1/90},
   adsurl = {https://ui.adsabs.harvard.edu/abs/2015ApJ...799...90B},
  adsnote = {Provided by the SAO/NASA Astrophysics Data System}
}


@ARTICLE{bernardi16,
   author = {{Bernardi}, G. and {Zwart}, J.~T.~L. and {Price}, D. and {Greenhill}, L.~J. and 
	{Mesinger}, A. and {Dowell}, J. and {Eftekhari}, T. and {Ellingson}, S.~W. and 
	{Kocz}, J. and {Schinzel}, F.},
    title = "{Bayesian constraints on the global 21-cm signal from the Cosmic Dawn}",
  journal = {\mnras},
archivePrefix = "arXiv",
   eprint = {1606.06006},
 keywords = {methods: data analysis, methods: statistical, cosmology: observations, dark ages, reionization, first stars, diffuse radiation},
     year = 2016,
    month = sep,
   volume = 461,
    pages = {2847-2855},
      doi = {10.1093/mnras/stw1499},
   adsurl = {https://ui.adsabs.harvard.edu/abs/2016MNRAS.461.2847B},
  adsnote = {Provided by the SAO/NASA Astrophysics Data System}
}


@ARTICLE{bowman08,
   author = {{Bowman}, J.~D. and {Rogers}, A.~E.~E. and {Hewitt}, J.~N.},
    title = "{Toward Empirical Constraints on the Global Redshifted 21 cm Brightness Temperature During the Epoch of Reionization}",
  journal = {\apj},
archivePrefix = "arXiv",
   eprint = {0710.2541},
 keywords = {early universe, intergalactic medium, radio lines: general},
     year = 2008,
    month = mar,
   volume = 676,
    pages = {1-9},
      doi = {10.1086/528675},
   adsurl = {https://ui.adsabs.harvard.edu/abs/2008ApJ...676....1B},
  adsnote = {Provided by the SAO/NASA Astrophysics Data System}
}


@ARTICLE{bowman18,
   author = {{Bowman}, J.~D. and {Rogers}, A.~E.~E. and {Monsalve}, R.~A. and 
	{Mozdzen}, T.~J. and {Mahesh}, N.},
    title = "{An absorption profile centred at 78 megahertz in the sky-averaged spectrum}",
  journal = {\nat},
archivePrefix = "arXiv",
   eprint = {1810.05912},
     year = 2018,
    month = mar,
   volume = 555,
    pages = {67-70},
      doi = {10.1038/nature25792},
   adsurl = {https://ui.adsabs.harvard.edu/abs/2018Natur.555...67B},
  adsnote = {Provided by the SAO/NASA Astrophysics Data System}
}


@INPROCEEDINGS{burns19,
   author = {{Burns}, J.~O. and {Bale}, S. and {Bradley}, R.~F.},
    title = "{Dark Cosmology: Investigating Dark Matter and Exotic Physics using the Redshifted 21-cm Global Signal with the Dark Ages Polarimeter Pathfinder (DAPPER)}",
booktitle = {American Astronomical Society Meeting Abstracts},
     year = 2019,
   series = {American Astronomical Society Meeting Abstracts},
   volume = 234,
    month = jun,
      eid = {212.02},
    pages = {212.02},
   adsurl = {https://ui.adsabs.harvard.edu/abs/2019AAS...23421202B},
  adsnote = {Provided by the SAO/NASA Astrophysics Data System}
}


@ARTICLE{burns19b,
   author = {{Burns}, J. and {Hallinan}, G. and {Lux}, J. and {Romero-Wolf}, A. and 
	{Chang}, T.-C. and {Kocz}, J. and {Bowman}, J. and {MacDowall}, R. and 
	{Kasper}, J. and {Bradley}, R. and {Anderson}, M. and {Rapetti}, D.
	},
    title = "{FARSIDE: A Low Radio Frequency Interferometric Array on the Lunar Farside}",
  journal = {arXiv e-prints},
archivePrefix = "arXiv",
   eprint = {1907.05407},
 primaryClass = "astro-ph.IM",
 keywords = {Astrophysics - Instrumentation and Methods for Astrophysics, Astrophysics - Solar and Stellar Astrophysics},
     year = 2019,
    month = jul,
   adsurl = {https://ui.adsabs.harvard.edu/abs/2019arXiv190705407B},
  adsnote = {Provided by the SAO/NASA Astrophysics Data System}
}


@ARTICLE{carilli18,
   author = {{Carilli}, C.~L. and {Nikolic}, B. and {Thyagarayan}, N. and 
	{Gale-Sides}, K.},
    title = "{H I 21-cm Cosmology and the Bispectrum: Closure  Diagnostics in Massively Redundant Interferometric  Arrays}",
  journal = {Radio Science},
archivePrefix = "arXiv",
   eprint = {1805.00953},
 primaryClass = "astro-ph.IM",
 keywords = {cosmology, radio astoronomy {\"i}{\iquest}{\frac14}},
     year = 2018,
    month = may,
   volume = 53,
    pages = {845-865},
      doi = {10.1029/2018RS006537},
   adsurl = {https://ui.adsabs.harvard.edu/abs/2018RaSc...53..845C},
  adsnote = {Provided by the SAO/NASA Astrophysics Data System}
}


@ARTICLE{chen19,
   author = {{Chen}, X. and {Burns}, J. and {Koopmans}, L. and {Rothkaehi}, H. and 
	{Silk}, J. and {Wu}, J. and {Boonstra}, A.-J. and {Cecconi}, B. and 
	{Chiang}, C.~H. and {Chen}, L. and {Deng}, L. and {Falanga}, M. and 
	{Falcke}, H. and {Fan}, Q. and {Fang}, G. and {Fialkov}, A. and 
	{Gurvits}, L. and {Ji}, Y. and {Kasper}, J.~C. and {Li}, K. and 
	{Mao}, Y. and {Mckinley}, B. and {Monsalve}, R. and {Peterson}, J.~B. and 
	{Ping}, J. and {Subrahmanyan}, R. and {Vedantham}, H. and {Klein Wolt}, M. and 
	{Wu}, F. and {Xu}, Y. and {Yan}, J. and {Yue}, B.},
    title = "{Discovering the Sky at the Longest Wavelengths with Small Satellite Constellations}",
  journal = {arXiv e-prints},
archivePrefix = "arXiv",
   eprint = {1907.10853},
 primaryClass = "astro-ph.IM",
 keywords = {Astrophysics - Instrumentation and Methods for Astrophysics},
     year = 2019,
    month = jul,
   adsurl = {https://ui.adsabs.harvard.edu/abs/2019arXiv190710853C},
  adsnote = {Provided by the SAO/NASA Astrophysics Data System}
}


@ARTICLE{deboer17,
   author = {{DeBoer}, D.~R. and {Parsons}, A.~R. and {Aguirre}, J.~E. and 
	{Alexander}, P. and {Ali}, Z.~S. and {Beardsley}, A.~P. and 
	{Bernardi}, G. and {Bowman}, J.~D. and {Bradley}, R.~F. and 
	{Carilli}, C.~L. and {Cheng}, C. and {de Lera Acedo}, E. and 
	{Dillon}, J.~S. and {Ewall-Wice}, A. and {Fadana}, G. and {Fagnoni}, N. and 
	{Fritz}, R. and {Furlanetto}, S.~R. and {Glendenning}, B. and 
	{Greig}, B. and {Grobbelaar}, J. and {Hazelton}, B.~J. and {Hewitt}, J.~N. and 
	{Hickish}, J. and {Jacobs}, D.~C. and {Julius}, A. and {Kariseb}, M. and 
	{Kohn}, S.~A. and {Lekalake}, T. and {Liu}, A. and {Loots}, A. and 
	{MacMahon}, D. and {Malan}, L. and {Malgas}, C. and {Maree}, M. and 
	{Martinot}, Z. and {Mathison}, N. and {Matsetela}, E. and {Mesinger}, A. and 
	{Morales}, M.~F. and {Neben}, A.~R. and {Patra}, N. and {Pieterse}, S. and 
	{Pober}, J.~C. and {Razavi-Ghods}, N. and {Ringuette}, J. and 
	{Robnett}, J. and {Rosie}, K. and {Sell}, R. and {Smith}, C. and 
	{Syce}, A. and {Tegmark}, M. and {Thyagarajan}, N. and {Williams}, P.~K.~G. and 
	{Zheng}, H.},
    title = "{Hydrogen Epoch of Reionization Array (HERA)}",
  journal = {\pasp},
archivePrefix = "arXiv",
   eprint = {1606.07473},
 primaryClass = "astro-ph.IM",
     year = 2017,
    month = apr,
   volume = 129,
   number = 4,
    pages = {045001},
      doi = {10.1088/1538-3873/129/974/045001},
   adsurl = {https://ui.adsabs.harvard.edu/abs/2017PASP..129d5001D},
  adsnote = {Provided by the SAO/NASA Astrophysics Data System}
}


@ARTICLE{dillon14,
   author = {{Dillon}, J.~S. and {Liu}, A. and {Williams}, C.~L. and {Hewitt}, J.~N. and 
	{Tegmark}, M. and {Morgan}, E.~H. and {Levine}, A.~M. and {Morales}, M.~F. and 
	{Tingay}, S.~J. and {Bernardi}, G. and {Bowman}, J.~D. and {Briggs}, F.~H. and 
	{Cappallo}, R.~C. and {Emrich}, D. and {Mitchell}, D.~A. and 
	{Oberoi}, D. and {Prabu}, T. and {Wayth}, R. and {Webster}, R.~L.
	},
    title = "{Overcoming real-world obstacles in 21 cm power spectrum estimation: A method demonstration and results from early Murchison Widefield Array data}",
  journal = {\prd},
archivePrefix = "arXiv",
   eprint = {1304.4229},
 primaryClass = "astro-ph.CO",
 keywords = {Observation and data reduction techniques, computer modeling and simulation, Radio microwave, Cosmology, Observational cosmology},
     year = 2014,
    month = jan,
   volume = 89,
   number = 2,
      eid = {023002},
    pages = {023002},
      doi = {10.1103/PhysRevD.89.023002},
   adsurl = {https://ui.adsabs.harvard.edu/abs/2014PhRvD..89b3002D},
  adsnote = {Provided by the SAO/NASA Astrophysics Data System}
}


@ARTICLE{dillon16,
   author = {{Dillon}, J.~S. and {Parsons}, A.~R.},
    title = "{Redundant Array Configurations for 21 cm Cosmology}",
  journal = {\apj},
archivePrefix = "arXiv",
   eprint = {1602.06259},
 primaryClass = "astro-ph.IM",
 keywords = {dark ages, reionization, first stars, instrumentation: interferometers, methods: data analysis, techniques: interferometric},
     year = 2016,
    month = aug,
   volume = 826,
      eid = {181},
    pages = {181},
      doi = {10.3847/0004-637X/826/2/181},
   adsurl = {https://ui.adsabs.harvard.edu/abs/2016ApJ...826..181D},
  adsnote = {Provided by the SAO/NASA Astrophysics Data System}
}


@ARTICLE{eastwood18,
   author = {{Eastwood}, M.~W. and {Anderson}, M.~M. and {Monroe}, R.~M. and 
	{Hallinan}, G. and {Barsdell}, B.~R. and {Bourke}, S.~A. and 
	{Clark}, M.~A. and {Ellingson}, S.~W. and {Dowell}, J. and {Garsden}, H. and 
	{Greenhill}, L.~J. and {Hartman}, J.~M. and {Kocz}, J. and {Lazio}, T.~J.~W. and 
	{Price}, D.~C. and {Schinzel}, F.~K. and {Taylor}, G.~B. and 
	{Vedantham}, H.~K. and {Wang}, Y. and {Woody}, D.~P.},
    title = "{The Radio Sky at Meter Wavelengths: m-mode Analysis Imaging with the OVRO-LWA}",
  journal = {\aj},
archivePrefix = "arXiv",
   eprint = {1711.00466},
 primaryClass = "astro-ph.IM",
 keywords = {cosmology: observations, dark ages, reionization, first stars, radio continuum: galaxies, radio continuum: ISM},
     year = 2018,
    month = jul,
   volume = 156,
      eid = {32},
    pages = {32},
      doi = {10.3847/1538-3881/aac721},
   adsurl = {https://ui.adsabs.harvard.edu/abs/2018AJ....156...32E},
  adsnote = {Provided by the SAO/NASA Astrophysics Data System}
}


@ARTICLE{eastwood19,
   author = {{Eastwood}, M.~W. and {Anderson}, M.~M. and {Monroe}, R.~M. and 
	{Hallinan}, G. and {Catha}, M. and {Dowell}, J. and {Garsden}, H. and 
	{Greenhill}, L.~J. and {Hicks}, B.~C. and {Kocz}, J. and {Price}, D.~C. and 
	{Schinzel}, F.~K. and {Vedantham}, H. and {Wang}, Y.},
    title = "{The 21 cm Power Spectrum from the Cosmic Dawn: First Results from the OVRO-LWA}",
  journal = {\aj},
archivePrefix = "arXiv",
   eprint = {1906.08943},
 keywords = {cosmology: observations, dark ages, reionization, first stars },
     year = 2019,
    month = aug,
   volume = 158,
      eid = {84},
    pages = {84},
      doi = {10.3847/1538-3881/ab2629},
   adsurl = {https://ui.adsabs.harvard.edu/abs/2019AJ....158...84E},
  adsnote = {Provided by the SAO/NASA Astrophysics Data System}
}


@ARTICLE{ewallwice16,
   author = {{Ewall-Wice}, A. and {Bradley}, R. and {Deboer}, D. and {Hewitt}, J. and 
	{Parsons}, A. and {Aguirre}, J. and {Ali}, Z.~S. and {Bowman}, J. and 
	{Cheng}, C. and {Neben}, A.~R. and {Patra}, N. and {Thyagarajan}, N. and 
	{Venter}, M. and {de Lera Acedo}, E. and {Dillon}, J.~S. and 
	{Dickenson}, R. and {Doolittle}, P. and {Egan}, D. and {Hedrick}, M. and 
	{Klima}, P. and {Kohn}, S. and {Schaffner}, P. and {Shelton}, J. and 
	{Saliwanchik}, B. and {Taylor}, H.~A. and {Taylor}, R. and {Tegmark}, M. and 
	{Wirt}, B.},
    title = "{The Hydrogen Epoch of Reionization Array Dish. II. Characterization of Spectral Structure with Electromagnetic Simulations and Its Science Implications.}",
  journal = {\apj},
archivePrefix = "arXiv",
   eprint = {1602.06277},
 keywords = {dark ages, reionization, first stars, instrumentation: interferometers, radio lines: general},
     year = 2016,
    month = nov,
   volume = 831,
      eid = {196},
    pages = {196},
      doi = {10.3847/0004-637X/831/2/196},
   adsurl = {https://ui.adsabs.harvard.edu/abs/2016ApJ...831..196E},
  adsnote = {Provided by the SAO/NASA Astrophysics Data System}
}


@ARTICLE{french_ska_white_book,
       author = {{Acero}, F. and {Acquaviva}, J. -T. and {Adam}, R. and {Aghanim}, N. and
         {Allen}, M. and {Alves}, M. and {Ammanouil}, R. and {Ansari}, R. and
         {Araudo}, A. and {Armengaud}, E. and {Ascaso}, B. and
         {Athanassoula}, E. and {Aubert}, D. and {Babak}, S. and {Bacmann}, A. and
         {Banday}, A. and {Barriere}, K. and {Bellossi}, F. and
         {Bernard}, J. -P. and {Bernardini}, M.~G. and {B{\'e}thermin}, M. and
         {Blanc}, E. and {Blanchet}, L. and {Bobin}, J. and {Boissier}, S. and
         {Boisson}, C. and {Boselli}, A. and {Bosma}, A. and {Bosse}, S. and
         {Bottinelli}, S. and {Boulanger}, F. and {Boyer}, R. and {Bracco}, A. and
         {Briand}, C. and {Bucher}, M. and {Buat}, V. and {Cambresy}, L. and
         {Caillat}, M. and {Casandjian}, J. -M. and {Caux}, E. and
         {C{\'e}lestin}, S. and {Cerruti}, M. and {Charlot}, P. and {Chassand
        e-Mottin}, E. and {Chaty}, S. and {Christensen}, N. and {Ciesla}, L. and
         {Clerc}, N. and {Cohen-Tanugi}, J. and {Cognard}, I. and {Combes}, F. and
         {Comis}, B. and {Corbel}, S. and {Cordier}, B. and {Coriat}, M. and
         {Courtin}, R. and {Courtois}, H. and {Da Silva}, B. and {Daddi}, E. and
         {Dallier}, R. and {Dartois}, E. and {Demyk}, K. and {Denis}, J. -M. and
         {Denis}, L. and {Djannati-Ata{\"\i}}, A. and {Donati}, J. -F. and
         {Douspis}, M. and {van Driel}, W. and {El Korso}, M.~N. and
         {Falgarone}, E. and {Fantina}, A. and {Farges}, T. and {Ferrari}, A. and
         {Ferrari}, C. and {Ferri{\`e}re}, K. and {Flamary}, R. and {Gac}, N. and
         {Gauffre}, S. and {Genova}, F. and {Girard}, J. and {Grenier}, I. and
         {Griessmeier}, J. -M. and {Guillard}, P. and {Guillemot}, L. and
         {Gulminelli}, F. and {Gusdorf}, A. and {Habart}, E. and {Hammer}, F. and
         {Hennebelle}, P. and {Herpin}, F. and {Hervet}, O. and {Hughes}, A. and
         {Ilbert}, O. and {Janvier}, M. and {Josselin}, E. and {Julier}, A. and
         {Lachaud}, C. and {Lagache}, G. and {Lallement}, R. and {Lambert}, S. and
         {Lamy}, L. and {Langer}, M. and {Larzabal}, P. and {Lavaux}, G. and
         {Le Bertre}, T. and {Le F{\`e}vre}, O. and {Le Tiec}, A. and
         {Lefloch}, B. and {Lehnert}, M. and {Lemoine-Goumard}, M. and
         {Levrier}, F. and {Limousin}, M. and {Lis}, D. and
         {L{\'o}pez-Sepulcre}, A. and {Macias-Perez}, J. and {Magneville}, C. and
         {Marcowith}, A. and {Margueron}, J. and {Marquette}, G. and
         {Marshall}, D. and {Martin}, L. and {Mary}, D. and {Masson}, S. and
         {Maurogordato}, S. and {Mazauric}, C. and {Mellier}, Y. and
         {Miville-Desch{\^e}nes}, M. -A. and {Montier}, L. and {Mottez}, F. and
         {Mourard}, D. and {Nesvadba}, N. and {Nezan}, J. -F. and
         {Noterdaeme}, P. and {Novak}, J. and {Ocvirk}, P. and {Oertel}, M. and
         {Olive}, X. and {Ollier}, V. and {Palanque-Delabrouille}, N. and {Pand
        ey-Pommier}, M. and {Pennec}, Y. and {P{\'e}rault}, M. and {Peroux}, C. and
         {Petit}, P. and {P{\'e}tri}, J. and {Petiteau}, A. and {Pety}, J. and
         {Pratt}, G.~W. and {Puech}, M. and {Quertier}, B. and {Raffin}, E. and
         {Rakotozafy Harison}, S. and {Rawson}, S. and {Renaud}, M. and
         {Revenu}, B. and {Richard}, C. and {Richard}, J. and {Rincon}, F. and
         {Ristorcelli}, I. and {Rodriguez}, J. and {Schultheis}, M. and
         {Schimd}, C. and {Semelin}, B. and {Sol}, H. and {Starck}, J. -L. and
         {Tagger}, M. and {Tasse}, C. and {Theureau}, G. and {Torchinsky}, S. and
         {Vastel}, C. and {Vergani}, S.~D. and {Verstraete}, L. and
         {Vigouroux}, X. and {Vilmer}, N. and {Vilotte}, J. -P. and {Webb}, N. and
         {Ysard}, N. and {Zarka}, P.},
        title = "{French SKA White Book - The French Community towards the Square Kilometre Array}",
      journal = {arXiv e-prints},
     keywords = {Astrophysics - Instrumentation and Methods for Astrophysics},
         year = "2017",
        month = "Dec",
          eid = {arXiv:1712.06950},
        pages = {arXiv:1712.06950},
archivePrefix = {arXiv},
       eprint = {1712.06950},
 primaryClass = {astro-ph.IM},
       adsurl = {https://ui.adsabs.harvard.edu/abs/2017arXiv171206950A},
      adsnote = {Provided by the SAO/NASA Astrophysics Data System}
}


@ARTICLE{greig17,
   author = {{Greig}, B. and {Mesinger}, A.},
    title = "{The global history of reionization}",
  journal = {\mnras},
archivePrefix = "arXiv",
   eprint = {1605.05374},
 keywords = {galaxies: evolution, galaxies: high-redshift, intergalactic medium, cosmology: theory, dark ages, reionization, first stars, early Universe},
     year = 2017,
    month = mar,
   volume = 465,
    pages = {4838-4852},
      doi = {10.1093/mnras/stw3026},
   adsurl = {https://ui.adsabs.harvard.edu/abs/2017MNRAS.465.4838G},
  adsnote = {Provided by the SAO/NASA Astrophysics Data System}
}



@article{greig19,
author = {Greig, Bradley and Mesinger, Andrei and Koopmans, L{\'e}on V E},
title = {{Reionisation {\&} Cosmic Dawn Astrophysics from the Square Kilometre Array: Impact of Observing Strategies}},
journal = {arXiv.org},
year = {2019},
eprint = {1906.07910v1},
eprinttype = {arxiv},
eprintclass = {astro-ph.CO},
month = jun,
annote = {10 pages, 2 figures, submitted to MNRAS, comments welcome}
}



@ARTICLE{kocz15,
   author = {{Kocz}, J. and {Greenhill}, L.~J. and {Barsdell}, B.~R. and 
	{Price}, D. and {Bernardi}, G. and {Bourke}, S. and {Clark}, M.~A. and 
	{Craig}, J. and {Dexter}, M. and {Dowell}, J. and {Eftekhari}, T. and 
	{Ellingson}, S. and {Hallinan}, G. and {Hartman}, J. and {Jameson}, A. and 
	{MacMahon}, D. and {Taylor}, G. and {Schinzel}, F. and {Werthimer}, D.
	},
    title = "{Digital Signal Processing Using Stream High Performance Computing: A 512-Input Broadband Correlator for Radio Astronomy}",
  journal = {Journal of Astronomical Instrumentation },
archivePrefix = "arXiv",
   eprint = {1411.3751},
 primaryClass = "astro-ph.IM",
 keywords = {Techniques: interferometric, instrumentation: interferometers, miscellaneous},
     year = 2015,
    month = jun,
   volume = 4,
      eid = {1550003},
    pages = {1550003},
      doi = {10.1142/S2251171715500038},
   adsurl = {https://ui.adsabs.harvard.edu/abs/2015JAI.....450003K},
  adsnote = {Provided by the SAO/NASA Astrophysics Data System}
}


@ARTICLE{hera19,
   author = {{Reionization Array}, T.~H.~E.~o. and {Collaboration} and {Aguirre}, J.~E. and 
	{Beardsley}, A.~P. and {Bernardi}, G. and {Bowman}, J.~D. and 
	{Bull}, P. and {Carilli}, C.~L. and {Dai}, W.-M. and {DeBoer}, D.~R. and 
	{Dillon}, J.~S. and {Ewall-Wice}, A. and {Furlanetto}, S.~R. and 
	{Gehlot}, B.~K. and {Gorthi}, D. and {Greig}, B. and {Hazelton}, B.~J. and 
	{Hewitt}, J.~N. and {Jacobs}, D.~C. and {Kern}, N.~S. and {Kittiwisit}, P. and 
	{Kolopanis}, M. and {La Plante}, P. and {Liu}, A. and {Ma}, Y.-Z. and 
	{Mdlalose}, M. and {Mirocha}, J. and {Murray}, S.~G. and {Parsons}, A.~R. and 
	{Pober}, J.~C. and {Sims}, P.~H. and {Thyagarajan}, N.},
    title = "{A Roadmap for Astrophysics and Cosmology with High-Redshift 21 cm Intensity Mapping}",
  journal = {arXiv e-prints},
archivePrefix = "arXiv",
   eprint = {1907.06440},
 primaryClass = "astro-ph.IM",
 keywords = {Astrophysics - Instrumentation and Methods for Astrophysics},
     year = 2019,
    month = jul,
   adsurl = {https://ui.adsabs.harvard.edu/abs/2019arXiv190706440R},
  adsnote = {Provided by the SAO/NASA Astrophysics Data System}
}



@inproceedings{koopmans15,
author = {Koopmans, L and Pritchard, J. and Mellema, G and Aguirre, J. and Ahn, K and Barkana, R and van Bemmel, I and Bernardi, G and Bonaldi, A and Briggs, F and de Bruyn, A G and Chang, T.-C. and Chapman, E and Chen, X and Ciardi, B and Dayal, P and Ferrara, A. and Fialkov, A and Fiore, F and Ichiki, K and Illiev, I T and Inoue, S and Jeli{\'c}, V and Jones, M and Lazio, J and Maio, U and Majumdar, S and Mack, K.{\textasciitilde}J. and Mesinger, A. and Morales, M F and Parsons, A. and Pen, U-L and Santos, M and Schneider, R and Semelin, B and de Souza, R S and Subrahmanyan, R. and Takeuchi, T and Vedantham, H. and Wagg, J and Webster, R. and Wyithe, S and Datta, K.{\textasciitilde}K. and Trott, C.},
title = {{The Cosmic Dawn and Epoch of Reionisation with SKA}},
booktitle = {Proceedings of Advancing Astrophysics with the Square Kilometre Array (AASKA14). 9 -13 June},
year = {2015},
pages = {1},
month = apr
}


@ARTICLE{koopmans19,
   author = {{Koopmans}, L. and {Barkana}, R. and {Bentum}, M. and {Bernardi}, G. and 
	{Boonstra}, A.-J. and {Bowman}, J. and {Burns}, J. and {Chen}, X. and 
	{Datta}, A. and {Falcke}, H. and {Fialkov}, A. and {Gehlot}, B. and 
	{Gurvits}, L. and {Jeli{\'c}}, V. and {Klein-Wolt}, M. and {Koopmans}, L. and 
	{Lazio}, J. and {Meerburg}, D. and {Mellema}, G. and {Mertens}, F. and 
	{Mesinger}, A. and {Offringa}, A. and {Pritchard}, J. and {Semelin}, B. and 
	{Subrahmanyan}, R. and {Silk}, J. and {Trott}, C. and {Vedantham}, H. and 
	{Verde}, L. and {Zaroubi}, S. and {Zarka}, P.},
    title = "{Peering into the Dark (Ages) with Low-Frequency Space Interferometers}",
  journal = {arXiv e-prints},
archivePrefix = "arXiv",
   eprint = {1908.04296},
 primaryClass = "astro-ph.IM",
 keywords = {Astrophysics - Instrumentation and Methods for Astrophysics},
     year = 2019,
    month = aug,
   adsurl = {https://ui.adsabs.harvard.edu/abs/2019arXiv190804296K},
  adsnote = {Provided by the SAO/NASA Astrophysics Data System}
}


@ARTICLE{li18,
   author = {{Li}, W. and {Pober}, J.~C. and {Hazelton}, B.~J. and {Barry}, N. and 
	{Morales}, M.~F. and {Sullivan}, I. and {Parsons}, A.~R. and 
	{Ali}, Z.~S. and {Dillon}, J.~S. and {Beardsley}, A.~P. and 
	{Bowman}, J.~D. and {Briggs}, F. and {Byrne}, R. and {Carroll}, P. and 
	{Crosse}, B. and {Emrich}, D. and {Ewall-Wice}, A. and {Feng}, L. and 
	{Franzen}, T.~M.~O. and {Hewitt}, J.~N. and {Horsley}, L. and 
	{Jacobs}, D.~C. and {Johnston-Hollitt}, M. and {Jordan}, C. and 
	{Joseph}, R.~C. and {Kaplan}, D.~L. and {Kenney}, D. and {Kim}, H. and 
	{Kittiwisit}, P. and {Lanman}, A. and {Line}, J. and {McKinley}, B. and 
	{Mitchell}, D.~A. and {Murray}, S. and {Neben}, A. and {Offringa}, A.~R. and 
	{Pallot}, D. and {Paul}, S. and {Pindor}, B. and {Procopio}, P. and 
	{Rahimi}, M. and {Riding}, J. and {Sethi}, S.~K. and {Udaya Shankar}, N. and 
	{Steele}, K. and {Subrahmanian}, R. and {Tegmark}, M. and {Thyagarajan}, N. and 
	{Tingay}, S.~J. and {Trott}, C. and {Walker}, M. and {Wayth}, R.~B. and 
	{Webster}, R.~L. and {Williams}, A. and {Wu}, C. and {Wyithe}, S.
	},
    title = "{Comparing Redundant and Sky-model-based Interferometric Calibration: A First Look with Phase II of the MWA}",
  journal = {\apj},
archivePrefix = "arXiv",
   eprint = {1807.05312},
 primaryClass = "astro-ph.IM",
 keywords = {dark ages, reionization, first stars, instrumentation: interferometers, methods: data analysis, techniques: interferometric },
     year = 2018,
    month = aug,
   volume = 863,
      eid = {170},
    pages = {170},
      doi = {10.3847/1538-4357/aad3c3},
   adsurl = {https://ui.adsabs.harvard.edu/abs/2018ApJ...863..170L},
  adsnote = {Provided by the SAO/NASA Astrophysics Data System}
}



@ARTICLE{liu16,
   author = {{Liu}, A. and {Pritchard}, J.~R. and {Allison}, R. and {Parsons}, A.~R. and 
	{Seljak}, U. and {Sherwin}, B.~D.},
    title = "{Eliminating the optical depth nuisance from the CMB with 21 cm cosmology}",
  journal = {\prd},
archivePrefix = "arXiv",
   eprint = {1509.08463},
     year = 2016,
    month = feb,
   volume = 93,
   number = 4,
      eid = {043013},
    pages = {043013},
      doi = {10.1103/PhysRevD.93.043013},
   adsurl = {https://ui.adsabs.harvard.edu/abs/2016PhRvD..93d3013L},
  adsnote = {Provided by the SAO/NASA Astrophysics Data System}
}


@ARTICLE{liu16b,
   author = {{Liu}, A. and {Parsons}, A.~R.},
    title = "{Constraining cosmology and ionization history with combined 21 cm power spectrum and global signal measurements}",
  journal = {\mnras},
archivePrefix = "arXiv",
   eprint = {1510.08815},
 keywords = {methods: data analysis, techniques: interferometric, dark ages, reionization, first stars, radio lines: general},
     year = 2016,
    month = apr,
   volume = 457,
    pages = {1864-1877},
      doi = {10.1093/mnras/stw071},
   adsurl = {https://ui.adsabs.harvard.edu/abs/2016MNRAS.457.1864L},
  adsnote = {Provided by the SAO/NASA Astrophysics Data System}
}


@article{liu19,
author = {Liu, Adrian and Shaw, J Richard},
title = {{Data Analysis for Precision 21 cm Cosmology}},
journal = {arXiv.org},
year = {2019},
eprint = {1907.08211v1},
eprinttype = {arxiv},
eprintclass = {astro-ph.IM},
month = jul,
annote = {100 pages, 16 figures; Invited review for PASP}
}



@article{mesinger16,
author = {Mesinger, Andrei and Greig, Bradley and Sobacchi, Emanuele},
title = {{The Evolution Of 21 cm Structure (EOS): public, large-scale simulations of Cosmic Dawn and reionization}},
journal = {MNRAS},
year = {2016},
volume = {459},
number = {3},
pages = {2342--2353},
annote = {12 pages, 9 figures, MNRAS submitted; data and visualizations are available at http://homepage.sns.it/mesinger/EOS.html}
}


@article{mellema13,
author = {Mellema, Garrelt and Koopmans, L{\'e}on V E and Abdalla, Filipe A and Bernardi, Gianni and Ciardi, Benedetta and Daiboo, Soobash and de Bruyn, A G and Datta, Kanan K and Falcke, Heino and Ferrara, Andrea and Iliev, Ilian T and Iocco, Fabio and Jeli{\'c}, Vibor and Jensen, Hannes and Joseph, Ronniy and Labroupoulos, Panos and Meiksin, Avery and Mesinger, Andrei and Offringa, Andr{\'e} R and Pandey, V N and Pritchard, Jonathan R and Santos, Mario G and Schwarz, Dominik J and Semelin, Benoit and Vedantham, Harish and Yatawatta, Sarod and Zaroubi, Saleem},
title = {{Reionization and the Cosmic Dawn with the Square Kilometre Array}},
journal = {Experimental Astronomy},
year = {2013},
volume = {36},
number = {1},
pages = {235--318},
month = aug
}


@article{mesinger16,
author = {Mesinger, Andrei and Greig, Bradley and Sobacchi, Emanuele},
title = {{The Evolution Of 21 cm Structure (EOS): public, large-scale simulations of Cosmic Dawn and reionization}},
journal = {MNRAS},
year = {2016},
volume = {459},
number = {3},
pages = {2342--2353},
annote = {12 pages, 9 figures, MNRAS submitted; data and visualizations are available at http://homepage.sns.it/mesinger/EOS.html}
}


@ARTICLE{monsalve17,
   author = {{Monsalve}, R.~A. and {Rogers}, A.~E.~E. and {Bowman}, J.~D. and 
	{Mozdzen}, T.~J.},
    title = "{Results from EDGES High-band. I. Constraints on Phenomenological Models for the Global 21 cm Signal}",
  journal = {\apj},
archivePrefix = "arXiv",
   eprint = {1708.05817},
 keywords = {cosmology: observations, early universe, methods: data analysis},
     year = 2017,
    month = sep,
   volume = 847,
      eid = {64},
    pages = {64},
      doi = {10.3847/1538-4357/aa88d1},
   adsurl = {https://ui.adsabs.harvard.edu/abs/2017ApJ...847...64M},
  adsnote = {Provided by the SAO/NASA Astrophysics Data System}
}


@ARTICLE{monsalve18,
   author = {{Monsalve}, R.~A. and {Greig}, B. and {Bowman}, J.~D. and {Mesinger}, A. and 
	{Rogers}, A.~E.~E. and {Mozdzen}, T.~J. and {Kern}, N.~S. and 
	{Mahesh}, N.},
    title = "{Results from EDGES High-band. II. Constraints on Parameters of Early Galaxies}",
  journal = {\apj},
archivePrefix = "arXiv",
   eprint = {1806.07774},
 keywords = {cosmology: observations, early universe, galaxies: high-redshift, methods: data analysis},
     year = 2018,
    month = aug,
   volume = 863,
      eid = {11},
    pages = {11},
      doi = {10.3847/1538-4357/aace54},
   adsurl = {https://ui.adsabs.harvard.edu/abs/2018ApJ...863...11M},
  adsnote = {Provided by the SAO/NASA Astrophysics Data System}
}


@ARTICLE{neben16,
   author = {{Neben}, A.~R. and {Bradley}, R.~F. and {Hewitt}, J.~N. and 
	{DeBoer}, D.~R. and {Parsons}, A.~R. and {Aguirre}, J.~E. and 
	{Ali}, Z.~S. and {Cheng}, C. and {Ewall-Wice}, A. and {Patra}, N. and 
	{Thyagarajan}, N. and {Bowman}, J. and {Dickenson}, R. and {Dillon}, J.~S. and 
	{Doolittle}, P. and {Egan}, D. and {Hedrick}, M. and {Jacobs}, D.~C. and 
	{Kohn}, S.~A. and {Klima}, P.~J. and {Moodley}, K. and {Saliwanchik}, B.~R.~B. and 
	{Schaffner}, P. and {Shelton}, J. and {Taylor}, H.~A. and {Taylor}, R. and 
	{Tegmark}, M. and {Wirt}, B. and {Zheng}, H.},
    title = "{The Hydrogen Epoch of Reionization Array Dish. I. Beam Pattern Measurements and Science Implications}",
  journal = {\apj},
archivePrefix = "arXiv",
   eprint = {1602.03887},
 primaryClass = "astro-ph.IM",
 keywords = {cosmology: observations, dark ages, reionization, first stars, instrumentation: interferometers},
     year = 2016,
    month = aug,
   volume = 826,
      eid = {199},
    pages = {199},
      doi = {10.3847/0004-637X/826/2/199},
   adsurl = {https://ui.adsabs.harvard.edu/abs/2016ApJ...826..199N},
  adsnote = {Provided by the SAO/NASA Astrophysics Data System}
}


@ARTICLE{nhan17,
   author = {{Nhan}, B.~D. and {Bradley}, R.~F. and {Burns}, J.~O.},
    title = "{A Polarimetric Approach for Constraining the Dynamic Foreground Spectrum for Cosmological Global 21 cm Measurements}",
  journal = {\apj},
archivePrefix = "arXiv",
   eprint = {1611.06062},
 primaryClass = "astro-ph.IM",
 keywords = {dark ages, reionization, first stars, methods: observational, techniques: polarimetric},
     year = 2017,
    month = feb,
   volume = 836,
      eid = {90},
    pages = {90},
      doi = {10.3847/1538-4357/836/1/90},
   adsurl = {https://ui.adsabs.harvard.edu/abs/2017ApJ...836...90N},
  adsnote = {Provided by the SAO/NASA Astrophysics Data System}
}


@ARTICLE{offringa13,
   author = {{Offringa}, A.~R. and {de Bruyn}, A.~G. and {Zaroubi}, S. and 
	{van Diepen}, G. and {Martinez-Ruby}, O. and {Labropoulos}, P. and 
	{Brentjens}, M.~A. and {Ciardi}, B. and {Daiboo}, S. and {Harker}, G. and 
	{Jeli{\'c}}, V. and {Kazemi}, S. and {Koopmans}, L.~V.~E. and 
	{Mellema}, G. and {Pandey}, V.~N. and {Pizzo}, R.~F. and {Schaye}, J. and 
	{Vedantham}, H. and {Veligatla}, V. and {Wijnholds}, S.~J. and 
	{Yatawatta}, S. and {Zarka}, P. and {Alexov}, A. and {Anderson}, J. and 
	{Asgekar}, A. and {Avruch}, M. and {Beck}, R. and {Bell}, M. and 
	{Bell}, M.~R. and {Bentum}, M. and {Bernardi}, G. and {Best}, P. and 
	{Birzan}, L. and {Bonafede}, A. and {Breitling}, F. and {Broderick}, J.~W. and 
	{Br{\"u}ggen}, M. and {Butcher}, H. and {Conway}, J. and {de Vos}, M. and 
	{Dettmar}, R.~J. and {Eisloeffel}, J. and {Falcke}, H. and {Fender}, R. and 
	{Frieswijk}, W. and {Gerbers}, M. and {Griessmeier}, J.~M. and 
	{Gunst}, A.~W. and {Hassall}, T.~E. and {Heald}, G. and {Hessels}, J. and 
	{Hoeft}, M. and {Horneffer}, A. and {Karastergiou}, A. and {Kondratiev}, V. and 
	{Koopman}, Y. and {Kuniyoshi}, M. and {Kuper}, G. and {Maat}, P. and 
	{Mann}, G. and {McKean}, J. and {Meulman}, H. and {Mevius}, M. and 
	{Mol}, J.~D. and {Nijboer}, R. and {Noordam}, J. and {Norden}, M. and 
	{Paas}, H. and {Pandey}, M. and {Pizzo}, R. and {Polatidis}, A. and 
	{Rafferty}, D. and {Rawlings}, S. and {Reich}, W. and {R{\"o}ttgering}, H.~J.~A. and 
	{Schoenmakers}, A.~P. and {Sluman}, J. and {Smirnov}, O. and 
	{Sobey}, C. and {Stappers}, B. and {Steinmetz}, M. and {Swinbank}, J. and 
	{Tagger}, M. and {Tang}, Y. and {Tasse}, C. and {van Ardenne}, A. and 
	{van Cappellen}, W. and {van Duin}, A.~P. and {van Haarlem}, M. and 
	{van Leeuwen}, J. and {van Weeren}, R.~J. and {Vermeulen}, R. and 
	{Vocks}, C. and {Wijers}, R.~A.~M.~J. and {Wise}, M. and {Wucknitz}, O.
	},
    title = "{The LOFAR radio environment}",
  journal = {\aap},
archivePrefix = "arXiv",
   eprint = {1210.0393},
 primaryClass = "astro-ph.IM",
 keywords = {instrumentation: interferometers, methods: data analysis, techniques: interferometric, telescopes, radio continuum: general},
     year = 2013,
    month = jan,
   volume = 549,
      eid = {A11},
    pages = {A11},
      doi = {10.1051/0004-6361/201220293},
   adsurl = {https://ui.adsabs.harvard.edu/abs/2013A%26A...549A..11O},
  adsnote = {Provided by the SAO/NASA Astrophysics Data System}
}



@ARTICLE{offringa15,
   author = {{Offringa}, A.~R. and {Wayth}, R.~B. and {Hurley-Walker}, N. and 
	{Kaplan}, D.~L. and {Barry}, N. and {Beardsley}, A.~P. and {Bell}, M.~E. and 
	{Bernardi}, G. and {Bowman}, J.~D. and {Briggs}, F. and {Callingham}, J.~R. and 
	{Cappallo}, R.~J. and {Carroll}, P. and {Deshpande}, A.~A. and 
	{Dillon}, J.~S. and {Dwarakanath}, K.~S. and {Ewall-Wice}, A. and 
	{Feng}, L. and {For}, B.-Q. and {Gaensler}, B.~M. and {Greenhill}, L.~J. and 
	{Hancock}, P. and {Hazelton}, B.~J. and {Hewitt}, J.~N. and 
	{Hindson}, L. and {Jacobs}, D.~C. and {Johnston-Hollitt}, M. and 
	{Kapi{\'n}ska}, A.~D. and {Kim}, H.-S. and {Kittiwisit}, P. and 
	{Lenc}, E. and {Line}, J. and {Loeb}, A. and {Lonsdale}, C.~J. and 
	{McKinley}, B. and {McWhirter}, S.~R. and {Mitchell}, D.~A. and 
	{Morales}, M.~F. and {Morgan}, E. and {Morgan}, J. and {Neben}, A.~R. and 
	{Oberoi}, D. and {Ord}, S.~M. and {Paul}, S. and {Pindor}, B. and 
	{Pober}, J.~C. and {Prabu}, T. and {Procopio}, P. and {Riding}, J. and 
	{Udaya Shankar}, N. and {Sethi}, S. and {Srivani}, K.~S. and 
	{Staveley-Smith}, L. and {Subrahmanyan}, R. and {Sullivan}, I.~S. and 
	{Tegmark}, M. and {Thyagarajan}, N. and {Tingay}, S.~J. and 
	{Trott}, C.~M. and {Webster}, R.~L. and {Williams}, A. and {Williams}, C.~L. and 
	{Wu}, C. and {Wyithe}, J.~S. and {Zheng}, Q.},
    title = "{The Low-Frequency Environment of the Murchison Widefield Array: Radio-Frequency Interference Analysis and Mitigation}",
  journal = {\pasa},
archivePrefix = "arXiv",
   eprint = {1501.03946},
 primaryClass = "astro-ph.IM",
 keywords = {instrumentation: interferometers, methods: observational, radio continuum: general, techniques: interferometric},
     year = 2015,
    month = mar,
   volume = 32,
      eid = {e008},
    pages = {e008},
      doi = {10.1017/pasa.2015.7},
   adsurl = {https://ui.adsabs.harvard.edu/abs/2015PASA...32....8O},
  adsnote = {Provided by the SAO/NASA Astrophysics Data System}
}



@ARTICLE{patra13,
   author = {{Patra}, N. and {Subrahmanyan}, R. and {Raghunathan}, A. and 
	{Udaya Shankar}, N.},
    title = "{SARAS: a precision system for measurement of the cosmic radio background and signatures from the epoch of reionization}",
  journal = {Experimental Astronomy},
archivePrefix = "arXiv",
   eprint = {1211.3800},
 primaryClass = "astro-ph.IM",
 keywords = {Astronomical instrumentation, Methods and techniques, Methods: observational, Cosmic background radiation, Cosmology: observations, Dark ages, Reionization, First stars, Radio continuum: ISM},
     year = 2013,
    month = aug,
   volume = 36,
    pages = {319-370},
      doi = {10.1007/s10686-013-9336-3},
   adsurl = {https://ui.adsabs.harvard.edu/abs/2013ExA....36..319P},
  adsnote = {Provided by the SAO/NASA Astrophysics Data System}
}


@ARTICLE{patra18,
   author = {{Patra}, N. and {Parsons}, A.~R. and {DeBoer}, D.~R. and {Thyagarajan}, N. and 
	{Ewall-Wice}, A. and {Hsyu}, G. and {Leung}, T.~K. and {Day}, C.~K. and 
	{de Lera Acedo}, E. and {Aguirre}, J.~E. and {Alexander}, P. and 
	{Ali}, Z.~S. and {Beardsley}, A.~P. and {Bowman}, J.~D. and 
	{Bradley}, R.~F. and {Carilli}, C.~L. and {Cheng}, C. and {Dillon}, J.~S. and 
	{Fadana}, G. and {Fagnoni}, N. and {Fritz}, R. and {Furlanetto}, S.~R. and 
	{Glendenning}, B. and {Greig}, B. and {Grobbelaar}, J. and {Hazelton}, B.~J. and 
	{Jacobs}, D.~C. and {Julius}, A. and {Kariseb}, M. and {Kohn}, S.~A. and 
	{Lebedeva}, A. and {Lekalake}, T. and {Liu}, A. and {Loots}, A. and 
	{MacMahon}, D. and {Malan}, L. and {Malgas}, C. and {Maree}, M. and 
	{Martinot}, Z. and {Mathison}, N. and {Matsetela}, E. and {Mesinger}, A. and 
	{Morales}, M.~F. and {Neben}, A.~R. and {Pieterse}, S. and {Pober}, J.~C. and 
	{Razavi-Ghods}, N. and {Ringuette}, J. and {Robnett}, J. and 
	{Rosie}, K. and {Sell}, R. and {Smith}, C. and {Syce}, A. and 
	{Tegmark}, M. and {Williams}, P.~K.~G. and {Zheng}, H.},
    title = "{The hydrogen epoch of reionization array dish III: measuring chromaticity of prototype element with reflectometry}",
  journal = {Experimental Astronomy},
archivePrefix = "arXiv",
   eprint = {1701.03209},
 primaryClass = "astro-ph.IM",
 keywords = {Astronomical instrumentation, Methods and techniques, wideband radio interferometry, Delay spectrum technique-EoR power spectrum, 21 cm cosmology},
     year = 2018,
    month = apr,
   volume = 45,
    pages = {177-199},
      doi = {10.1007/s10686-017-9563-0},
   adsurl = {https://ui.adsabs.harvard.edu/abs/2018ExA....45..177P},
  adsnote = {Provided by the SAO/NASA Astrophysics Data System}
}


@ARTICLE{pober14,
   author = {{Pober}, J.~C. and {Liu}, A. and {Dillon}, J.~S. and {Aguirre}, J.~E. and 
	{Bowman}, J.~D. and {Bradley}, R.~F. and {Carilli}, C.~L. and 
	{DeBoer}, D.~R. and {Hewitt}, J.~N. and {Jacobs}, D.~C. and 
	{McQuinn}, M. and {Morales}, M.~F. and {Parsons}, A.~R. and 
	{Tegmark}, M. and {Werthimer}, D.~J.},
    title = "{What Next-generation 21 cm Power Spectrum Measurements can Teach us About the Epoch of Reionization}",
  journal = {\apj},
archivePrefix = "arXiv",
   eprint = {1310.7031},
 keywords = {dark ages, reionization, first stars, techniques: interferometric},
     year = 2014,
    month = feb,
   volume = 782,
      eid = {66},
    pages = {66},
      doi = {10.1088/0004-637X/782/2/66},
   adsurl = {https://ui.adsabs.harvard.edu/abs/2014ApJ...782...66P},
  adsnote = {Provided by the SAO/NASA Astrophysics Data System}
}


@ARTICLE{price18,
   author = {{Price}, D.~C. and {Greenhill}, L.~J. and {Fialkov}, A. and 
	{Bernardi}, G. and {Garsden}, H. and {Barsdell}, B.~R. and {Kocz}, J. and 
	{Anderson}, M.~M. and {Bourke}, S.~A. and {Craig}, J. and {Dexter}, M.~R. and 
	{Dowell}, J. and {Eastwood}, M.~W. and {Eftekhari}, T. and {Ellingson}, S.~W. and 
	{Hallinan}, G. and {Hartman}, J.~M. and {Kimberk}, R. and {Lazio}, T.~J.~W. and 
	{Leiker}, S. and {MacMahon}, D. and {Monroe}, R. and {Schinzel}, F. and 
	{Taylor}, G.~B. and {Tong}, E. and {Werthimer}, D. and {Woody}, D.~P.
	},
    title = "{Design and characterization of the Large-aperture Experiment to Detect the Dark Age (LEDA) radiometer systems}",
  journal = {\mnras},
archivePrefix = "arXiv",
   eprint = {1709.09313},
 primaryClass = "astro-ph.IM",
 keywords = {instrumentation: detectors, telescopes, dark ages, reionization, first stars, cosmology: observations},
     year = 2018,
    month = aug,
   volume = 478,
    pages = {4193-4213},
      doi = {10.1093/mnras/sty1244},
   adsurl = {https://ui.adsabs.harvard.edu/abs/2018MNRAS.478.4193P},
  adsnote = {Provided by the SAO/NASA Astrophysics Data System}
}


@ARTICLE{sathyanarayana17,
   author = {{Sathyanarayana Rao}, M. and {Subrahmanyan}, R. and {Udaya Shankar}, N. and 
	{Chluba}, J.},
    title = "{Modeling the Radio Foreground for Detection of CMB Spectral Distortions from the Cosmic Dawn and the Epoch of Reionization}",
  journal = {\apj},
archivePrefix = "arXiv",
   eprint = {1611.04602},
 keywords = {cosmic background radiation, cosmology: observations, dark ages, reionization, first stars, diffuse radiation, methods: data analysis, methods: observational},
     year = 2017,
    month = may,
   volume = 840,
      eid = {33},
    pages = {33},
      doi = {10.3847/1538-4357/aa69bd},
   adsurl = {https://ui.adsabs.harvard.edu/abs/2017ApJ...840...33S},
  adsnote = {Provided by the SAO/NASA Astrophysics Data System}
}


@ARTICLE{singh17,
   author = {{Singh}, S. and {Subrahmanyan}, R. and {Udaya Shankar}, N. and 
	{Sathyanarayana Rao}, M. and {Fialkov}, A. and {Cohen}, A. and 
	{Barkana}, R. and {Girish}, B.~S. and {Raghunathan}, A. and 
	{Somashekar}, R. and {Srivani}, K.~S.},
    title = "{First Results on the Epoch of Reionization from First Light with SARAS 2}",
  journal = {\apjl},
archivePrefix = "arXiv",
   eprint = {1703.06647},
 keywords = {cosmic background radiation, cosmology: observations, dark ages, reionization, first stars, methods: observational },
     year = 2017,
    month = aug,
   volume = 845,
      eid = {L12},
    pages = {L12},
      doi = {10.3847/2041-8213/aa831b},
   adsurl = {https://ui.adsabs.harvard.edu/abs/2017ApJ...845L..12S},
  adsnote = {Provided by the SAO/NASA Astrophysics Data System}
}


@ARTICLE{singh18a,
   author = {{Singh}, S. and {Subrahmanyan}, R. and {Shankar}, N.~U. and 
	{Rao}, M.~S. and {Girish}, B.~S. and {Raghunathan}, A. and {Somashekar}, R. and 
	{Srivani}, K.~S.},
    title = "{SARAS 2: a spectral radiometer for probing cosmic dawn and the epoch of reionization through detection of the global 21-cm signal}",
  journal = {Experimental Astronomy},
archivePrefix = "arXiv",
   eprint = {1710.01101},
 primaryClass = "astro-ph.IM",
 keywords = {Astronomical instrumentation, Methods: observational, Cosmic background radiation, Cosmology: observations, Dark ages, Reionization, First stars},
     year = 2018,
    month = apr,
   volume = 45,
    pages = {269-314},
      doi = {10.1007/s10686-018-9584-3},
   adsurl = {https://ui.adsabs.harvard.edu/abs/2018ExA....45..269S},
  adsnote = {Provided by the SAO/NASA Astrophysics Data System}
}


@ARTICLE{singh18b,
   author = {{Singh}, S. and {Subrahmanyan}, R. and {Udaya Shankar}, N. and 
	{Sathyanarayana Rao}, M. and {Fialkov}, A. and {Cohen}, A. and 
	{Barkana}, R. and {Girish}, B.~S. and {Raghunathan}, A. and 
	{Somashekar}, R. and {Srivani}, K.~S.},
    title = "{SARAS 2 Constraints on Global 21 cm Signals from the Epoch of Reionization}",
  journal = {\apj},
archivePrefix = "arXiv",
   eprint = {1711.11281},
 keywords = {cosmic background radiation, cosmology: observations, dark ages, reionization, first stars, methods: observational},
     year = 2018,
    month = may,
   volume = 858,
      eid = {54},
    pages = {54},
      doi = {10.3847/1538-4357/aabae1},
   adsurl = {https://ui.adsabs.harvard.edu/abs/2018ApJ...858...54S},
  adsnote = {Provided by the SAO/NASA Astrophysics Data System}
}


@ARTICLE{tauscher18,
   author = {{Tauscher}, K. and {Rapetti}, D. and {Burns}, J.~O. and {Switzer}, E.
	},
    title = "{Global 21 cm Signal Extraction from Foreground and Instrumental Effects. I. Pattern Recognition Framework for Separation Using Training Sets}",
  journal = {\apj},
archivePrefix = "arXiv",
   eprint = {1711.03173},
 primaryClass = "astro-ph.IM",
 keywords = {dark ages, reionization, first stars, methods: data analysis, methods: statistical},
     year = 2018,
    month = feb,
   volume = 853,
      eid = {187},
    pages = {187},
      doi = {10.3847/1538-4357/aaa41f},
   adsurl = {https://ui.adsabs.harvard.edu/abs/2018ApJ...853..187T},
  adsnote = {Provided by the SAO/NASA Astrophysics Data System}
}


@ARTICLE{thyagarajan16,
   author = {{Thyagarajan}, N. and {Parsons}, A.~R. and {DeBoer}, D.~R. and 
	{Bowman}, J.~D. and {Ewall-Wice}, A.~M. and {Neben}, A.~R. and 
	{Patra}, N.},
    title = "{Effects of Antenna Beam Chromaticity on Redshifted 21 cm Power Spectrum and Implications for Hydrogen Epoch of Reionization Array}",
  journal = {\apj},
archivePrefix = "arXiv",
   eprint = {1603.08958},
 keywords = {cosmology: observations, dark ages, reionization, first stars, instrumentation: interferometers, large-scale structure of universe, radio continuum: galaxies, techniques: interferometric},
     year = 2016,
    month = jul,
   volume = 825,
      eid = {9},
    pages = {9},
      doi = {10.3847/0004-637X/825/1/9},
   adsurl = {https://ui.adsabs.harvard.edu/abs/2016ApJ...825....9T},
  adsnote = {Provided by the SAO/NASA Astrophysics Data System}
}



@ARTICLE{thyagarajan18,
   author = {{Thyagarajan}, N. and {Carilli}, C.~L. and {Nikolic}, B.},
    title = "{Detecting Cosmic Reionization Using the Bispectrum Phase}",
  journal = {Physical Review Letters},
archivePrefix = "arXiv",
   eprint = {1805.00954},
     year = 2018,
    month = jun,
   volume = 120,
   number = 25,
      eid = {251301},
    pages = {251301},
      doi = {10.1103/PhysRevLett.120.251301},
   adsurl = {https://ui.adsabs.harvard.edu/abs/2018PhRvL.120y1301T},
  adsnote = {Provided by the SAO/NASA Astrophysics Data System}
}


@ARTICLE{tingay13,
   author = {{Tingay}, S.~J. and {Goeke}, R. and {Bowman}, J.~D. and {Emrich}, D. and 
	{Ord}, S.~M. and {Mitchell}, D.~A. and {Morales}, M.~F. and 
	{Booler}, T. and {Crosse}, B. and {Wayth}, R.~B. and {Lonsdale}, C.~J. and 
	{Tremblay}, S. and {Pallot}, D. and {Colegate}, T. and {Wicenec}, A. and 
	{Kudryavtseva}, N. and {Arcus}, W. and {Barnes}, D. and {Bernardi}, G. and 
	{Briggs}, F. and {Burns}, S. and {Bunton}, J.~D. and {Cappallo}, R.~J. and 
	{Corey}, B.~E. and {Deshpande}, A. and {Desouza}, L. and {Gaensler}, B.~M. and 
	{Greenhill}, L.~J. and {Hall}, P.~J. and {Hazelton}, B.~J. and 
	{Herne}, D. and {Hewitt}, J.~N. and {Johnston-Hollitt}, M. and 
	{Kaplan}, D.~L. and {Kasper}, J.~C. and {Kincaid}, B.~B. and 
	{Koenig}, R. and {Kratzenberg}, E. and {Lynch}, M.~J. and {Mckinley}, B. and 
	{Mcwhirter}, S.~R. and {Morgan}, E. and {Oberoi}, D. and {Pathikulangara}, J. and 
	{Prabu}, T. and {Remillard}, R.~A. and {Rogers}, A.~E.~E. and 
	{Roshi}, A. and {Salah}, J.~E. and {Sault}, R.~J. and {Udaya-Shankar}, N. and 
	{Schlagenhaufer}, F. and {Srivani}, K.~S. and {Stevens}, J. and 
	{Subrahmanyan}, R. and {Waterson}, M. and {Webster}, R.~L. and 
	{Whitney}, A.~R. and {Williams}, A. and {Williams}, C.~L. and 
	{Wyithe}, J.~S.~B.},
    title = "{The Murchison Widefield Array: The Square Kilometre Array Precursor at Low Radio Frequencies}",
  journal = {\pasa},
archivePrefix = "arXiv",
   eprint = {1206.6945},
 primaryClass = "astro-ph.IM",
 keywords = {instrumentation: interferometers, techniques: image processing, techniques: interferometric, radio continuum: general, radio lines: general, early Universe},
     year = 2013,
    month = jan,
   volume = 30,
      eid = {e007},
    pages = {e007},
      doi = {10.1017/pasa.2012.007},
   adsurl = {https://ui.adsabs.harvard.edu/abs/2013PASA...30....7T},
  adsnote = {Provided by the SAO/NASA Astrophysics Data System}
}



@ARTICLE{trott16,
   author = {{Trott}, C.~M. and {Pindor}, B. and {Procopio}, P. and {Wayth}, R.~B. and 
	{Mitchell}, D.~A. and {McKinley}, B. and {Tingay}, S.~J. and 
	{Barry}, N. and {Beardsley}, A.~P. and {Bernardi}, G. and {Bowman}, J.~D. and 
	{Briggs}, F. and {Cappallo}, R.~J. and {Carroll}, P. and {de Oliveira-Costa}, A. and 
	{Dillon}, J.~S. and {Ewall-Wice}, A. and {Feng}, L. and {Greenhill}, L.~J. and 
	{Hazelton}, B.~J. and {Hewitt}, J.~N. and {Hurley-Walker}, N. and 
	{Johnston-Hollitt}, M. and {Jacobs}, D.~C. and {Kaplan}, D.~L. and 
	{Kim}, H.~S. and {Lenc}, E. and {Line}, J. and {Loeb}, A. and 
	{Lonsdale}, C.~J. and {Morales}, M.~F. and {Morgan}, E. and 
	{Neben}, A.~R. and {Thyagarajan}, N. and {Oberoi}, D. and {Offringa}, A.~R. and 
	{Ord}, S.~M. and {Paul}, S. and {Pober}, J.~C. and {Prabu}, T. and 
	{Riding}, J. and {Udaya Shankar}, N. and {Sethi}, S.~K. and 
	{Srivani}, K.~S. and {Subrahmanyan}, R. and {Sullivan}, I.~S. and 
	{Tegmark}, M. and {Webster}, R.~L. and {Williams}, A. and {Williams}, C.~L. and 
	{Wu}, C. and {Wyithe}, J.~S.~B.},
    title = "{CHIPS: The Cosmological H I Power Spectrum Estimator}",
  journal = {\apj},
archivePrefix = "arXiv",
   eprint = {1601.02073},
 primaryClass = "astro-ph.IM",
 keywords = {Astronomical instrumentation, methods and techniques, early universe, methods: statistical, techniques: interferometric},
     year = 2016,
    month = feb,
   volume = 818,
      eid = {139},
    pages = {139},
      doi = {10.3847/0004-637X/818/2/139},
   adsurl = {https://ui.adsabs.harvard.edu/abs/2016ApJ...818..139T},
  adsnote = {Provided by the SAO/NASA Astrophysics Data System}
}


@article{vanhaarlem13,
author = {van Haarlem, M P and Wise, M W and Gunst, A.{\textasciitilde}W. and Heald, G and McKean, J P and Hessels, J W T and de Bruyn, A G and Nijboer, R and Swinbank, J and Fallows, R and Brentjens, M and Nelles, A and Beck, R and Falcke, H and Fender, R and H{\"o}randel, J and Koopmans, L V E and Mann, G and Miley, G and R{\"o}ttgering, H and Stappers, B W and Wijers, R A M J and Zaroubi, S and van den Akker, M and Alexov, A and Anderson, J and Anderson, K and van Ardenne, A and Arts, M and Asgekar, A and Avruch, I M and Batejat, F and B{\"a}hren, L and Bell, M E and Bell, M R and van Bemmel, I and Bennema, P and Bentum, M J and Bernardi, G and Best, P and B{\^\i}rzan, L and Bonafede, A and Boonstra, A J and Braun, R. and Bregman, J and Breitling, F and van de Brink, R H and Broderick, J and Broekema, P C and Brouw, W N and Br{\"u}ggen, M and Butcher, H R and van Cappellen, W and Ciardi, B and Coenen, T and Conway, J and Coolen, A and Corstanje, A and Damstra, S and Davies, O and Deller, A T and Dettmar, R-J and van Diepen, G and Dijkstra, K and Donker, P and Doorduin, A and Dromer, J and Drost, M and van Duin, A and Eisl{\"o}ffel, J and van Enst, J and Ferrari, C and Frieswijk, W and Gankema, H and Garrett, M A and de Gasperin, F and Gerbers, M and de Geus, E and Grie{\ss}meier, J M and Grit, T and Gruppen, P and Hamaker, J P and Hassall, T and Hoeft, M and Holties, H A and Horneffer, A and van der Horst, A and van Houwelingen, A and Huijgen, A and Iacobelli, M and Intema, H and Jackson, N and Jeli{\'c}, V and de Jong, A and Juette, E and Kant, D and Karastergiou, A and Koers, A and Kollen, H and Kondratiev, V I and Kooistra, E and Koopman, Y and Koster, A and Kuniyoshi, M and Kramer, M and Kuper, G and Lambropoulos, P and Law, C and van Leeuwen, J and Lemaitre, J and Loose, M and Maat, P and Macario, G and Markoff, S and Masters, J and McFadden, R A and McKay-Bukowski, D and Meijering, H and Meulman, H and Mevius, M and Middelberg, E and Millenaar, R and Miller-Jones, J C A and Mohan, R N and Mol, J D and Morawietz, J and Morganti, R and Mulcahy, D D and Mulder, E and Munk, H and Nieuwenhuis, L and van Nieuwpoort, R and Noordam, J E and Norden, M and Noutsos, A and Offringa, A R and Olofsson, H and Omar, A and Orr{\`u}, E and Overeem, R and Paas, H and Pandey-Pommier, M and Pandey, V N and Pizzo, R and Polatidis, A and Rafferty, D and Rawlings, S. and Reich, W and de Reijer, J P and Reitsma, J. and Renting, G A and Riemers, P and Rol, E and Romein, J W and Roosjen, J and Ruiter, M and Scaife, A and van der Schaaf, K. and Scheers, B and Schellart, P and Schoenmakers, A and Schoonderbeek, G and Serylak, M and Shulevski, A and Sluman, J and Smirnov, O and Sobey, C and Spreeuw, H and Steinmetz, M and Sterks, C G M and Stiepel, H J and Stuurwold, K and Tagger, M and Tang, Y and Tasse, C and Thomas, I and Thoudam, S and Toribio, M C and van der Tol, B and Usov, O and van Veelen, M and van der Veen, A-J and ter Veen, S and Verbiest, J P W and Vermeulen, R and Vermaas, N and Vocks, C and Vogt, C and de Vos, M and van der Wal, E and van Weeren, R and Weggemans, H and Weltevrede, P and White, S. and Wijnholds, S J and Wilhelmsson, T and Wucknitz, O and Yatawatta, S and Zarka, P and Zensus, A and van Zwieten, J},
title = {{LOFAR: The LOw-Frequency ARray}},
journal = {Astronomy and Astrophysics},
year = {2013},
volume = {556},
pages = {A2},
month = aug
}



@ARTICLE{vedantham15,
   author = {{Vedantham}, H.~K. and {Koopmans}, L.~V.~E.},
    title = "{Scintillation noise in widefield radio interferometry}",
  journal = {\mnras},
archivePrefix = "arXiv",
   eprint = {1412.1420},
 primaryClass = "astro-ph.IM",
 keywords = {atmospheric effects, methods: analytical, methods: statistical, techniques: interferometric, dark ages, reionization, first stars},
     year = 2015,
    month = oct,
   volume = 453,
    pages = {925-938},
      doi = {10.1093/mnras/stv1594},
   adsurl = {https://ui.adsabs.harvard.edu/abs/2015MNRAS.453..925V},
  adsnote = {Provided by the SAO/NASA Astrophysics Data System}
}



@ARTICLE{vedantham16,
   author = {{Vedantham}, H.~K. and {Koopmans}, L.~V.~E.},
    title = "{Scintillation noise power spectrum and its impact on high-redshift 21-cm observations}",
  journal = {\mnras},
archivePrefix = "arXiv",
   eprint = {1512.00159},
 primaryClass = "astro-ph.IM",
 keywords = {atmospheric effects, methods: analytical, methods: statistical, techniques: interferometric, dark ages, reionization, first stars},
     year = 2016,
    month = may,
   volume = 458,
    pages = {3099-3117},
      doi = {10.1093/mnras/stw443},
   adsurl = {https://ui.adsabs.harvard.edu/abs/2016MNRAS.458.3099V},
  adsnote = {Provided by the SAO/NASA Astrophysics Data System}
}



@INPROCEEDINGS{waterson16,
   author = {{Waterson}, M.~F. and {Labate}, M.~G. and {Schnetler}, H. and 
	{Wagg}, J. and {Turner}, W. and {Dewdney}, P.},
    title = "{The SKA1 LOW telescope: system architecture and design performance}",
booktitle = {Ground-based and Airborne Telescopes VI},
     year = 2016,
   series = {\procspie},
   volume = 9906,
    month = jul,
      eid = {990628},
    pages = {990628},
      doi = {10.1117/12.2232526},
   adsurl = {https://ui.adsabs.harvard.edu/abs/2016SPIE.9906E..28W},
  adsnote = {Provided by the SAO/NASA Astrophysics Data System}
}



@ARTICLE{wayth18,
   author = {{Wayth}, R.~B. and {Tingay}, S.~J. and {Trott}, C.~M. and {Emrich}, D. and 
	{Johnston-Hollitt}, M. and {McKinley}, B. and {Gaensler}, B.~M. and 
	{Beardsley}, A.~P. and {Booler}, T. and {Crosse}, B. and {Franzen}, T.~M.~O. and 
	{Horsley}, L. and {Kaplan}, D.~L. and {Kenney}, D. and {Morales}, M.~F. and 
	{Pallot}, D. and {Sleap}, G. and {Steele}, K. and {Walker}, M. and 
	{Williams}, A. and {Wu}, C. and {Cairns}, I.~H. and {Filipovic}, M.~D. and 
	{Johnston}, S. and {Murphy}, T. and {Quinn}, P. and {Staveley-Smith}, L. and 
	{Webster}, R. and {Wyithe}, J.~S.~B.},
    title = "{The Phase II Murchison Widefield Array: Design overview}",
  journal = {\pasa},
archivePrefix = "arXiv",
   eprint = {1809.06466},
 primaryClass = "astro-ph.IM",
 keywords = {early universe, instrumentation: interferometers, radio continuum: general, radio lines: general, techniques: interferometric},
     year = 2018,
    month = nov,
   volume = 35,
      doi = {10.1017/pasa.2018.37},
   adsurl = {https://ui.adsabs.harvard.edu/abs/2018PASA...35...33W},
  adsnote = {Provided by the SAO/NASA Astrophysics Data System}
}





@book{diamantaras1996pcn,
 	title={{Principal component neural networks: theory and applications}},
	author={Diamantaras, KI and Kung, SY},
	year={1996},
	publisher={John Wiley \& Sons, Inc. New York, NY, USA}}


@book{ilyas2004hsn,
	Author = {Ilyas, M. and Mahgoub, I. and Kelly, L.},
	Publisher = {CRC Press, Inc. Boca Raton, FL, USA},
	Title = {{Handbook of Sensor Networks: Compact Wireless and Wired Sensing Systems}},
	Year = {2004}}

@inproceedings{Bontempi2005Adaptive,
	Author = {G. Bontempi and Y. {Le Borgne}.},
	Booktitle = {Proceedings of the Workshop on Data Mining in Sensor Networks, SIAM SDM},
	Date-Modified = {2008-02-17 14:37:10 +0100},
	Pages = {3-9},
	Publisher = {{SIAM} Press},
	Title = {An Adaptive Modular Approach to the Mining of Sensor Network Data},
	Year = {2005}}

@inproceedings{tulone2006pts,
	Author = {Tulone, D. and Madden, S.},
	Booktitle = {Proceedings of the 3rd European Workshop on Wireless Sensor Networks},
	Date-Modified = {2008-02-17 14:54:24 +0100},
	Pages = {21-37},
	Publisher = {Springer},
	Title = {{PAQ: Time Series Forecasting for Approximate Query Answering in Sensor Networks}},
	Year = {2006}}

@book{hyvarinen2001ica,
	Author = {Hyvarinen, A. and Karhunen, J. and Oja, E.},
	Publisher = {J. Wiley New York},
	Title = {{Independent Component Analysis}},
	Year = {2001}}

@book{jolliffe2002pca,
	Author = {Jolliffe, I.T.},
	Publisher = {Springer},
	Title = {{Principal Component Analysis}},
	Year = {2002}}

@article{jain2004ass,
	Author = {Jain, A. and Chang, E.Y.},
	Journal = {ACM International Conference Proceeding Series},
	Pages = {10--16},
	Publisher = {ACM Press New York, NY, USA},
	Title = {{Adaptive sampling for sensor networks}},
	Year = {2004}}

@article{yao2002can,
	Author = {Yao, Y. and Gehrke, J.},
	Journal = {ACM SIGMOD Record},
	Number = {3},
	Pages = {9--18},
	Publisher = {ACM Press New York, NY, USA},
	Title = {{The cougar approach to in-network query processing in sensor networks}},
	Volume = {31},
	Year = {2002}}

@article{akyildiz2002wsn,
	Author = {Akyildiz, I.F. and Su, W. and Sankarasubramaniam, Y. and Cayirci, E.},
	Date-Modified = {2008-02-17 14:33:14 +0100},
	Journal = {Computer Networks},
	Number = {4},
	Pages = {393--422},
	Publisher = {Elsevier},
	Title = {{Wireless sensor networks: a survey}},
	Volume = {38},
	Year = {2002}}

@inproceedings{madden2002tta,
	Author = {Madden, S. and Franklin, M.J. and Hellerstein, J.M. and Hong, W.},
	Booktitle = {Proceedings of the 5th ACM Symposium on Operating System Design and Implementation (OSDI)},
	Date-Modified = {2008-02-17 14:47:53 +0100},
	Pages = {131 - 146  },
	Publisher = {ACM Press},
	Title = {{TAG: a Tiny AGgregation Service for Ad-Hoc Sensor Networks}},
	Volume = {36},
	Year = {2002}}

@article{madden2005taq,
	Author = {Madden, S.R. and Franklin, M.J. and Hellerstein, J.M. and Hong, W.},
	Journal = {ACM Transactions on Database Systems (TODS)},
	Number = {1},
	Pages = {122--173},
	Publisher = {ACM Press New York, NY, USA},
	Title = {{TinyDB: an acquisitional query processing system for sensor networks}},
	Volume = {30},
	Year = {2005}}

@inproceedings{burri2007dul,
	Author = {Burri, N. and Wattenhofer, R.},
	Booktitle = {Proceedings of the 6th international conference on Information processing in sensor networks},
	Date-Modified = {2008-02-17 14:37:24 +0100},
	Pages = {450--459},
	Publisher = {ACM Press},
	Title = {{Dozer: ultra-low power data gathering in sensor networks}},
	Year = {2007}}

@book{zhao2004wsn,
	Author = {Zhao, F. and Guibas, L.J.},
	Publisher = {Morgan Kaufmann},
	Title = {{Wireless Sensor Networks: An Information Processing Approach}},
	Year = {2004}}

@book{mardia1979ma,
	Author = {Mardia, K.V. and Kent, J.T. and Bibby, J.M. and others},
	Publisher = {Academic Press New York},
	Title = {{Multivariate analysis}},
	Year = {1979}}

@article{Kumar2000lr,
	Author = {Kumar, P. R. and Gupta, P.},
	Date-Added = {2007-11-30 20:12:40 +0100},
	Date-Modified = {2007-11-30 20:12:40 +0100},
	Journal = {IEEE Transactions on Information Theory},
	Month = {March},
	Number = {2},
	Pages = {388--404},
	Title = {The capacity of wireless networks},
	Volume = {46},
	Year = {2000}}

@inproceedings{Wu2004lr,
	Author = {Xiaohua Luo and Kougen Zheng and Yunhe Pan and Zhaohui Wu},
	Booktitle = {IEEE International Conference on Systems, Man and Cybernetics},
	Date-Added = {2007-11-30 20:07:50 +0100},
	Date-Modified = {2007-11-30 20:09:25 +0100},
	Pages = {6081- 6086},
	Title = {A TCP/IP implementation for wireless sensor networks},
	Volume = {7},
	Year = {2004}}

@book{Comer2006uq,
	Author = {Comer, Douglas},
	Date-Added = {2007-11-30 20:04:58 +0100},
	Date-Modified = {2007-11-30 20:04:58 +0100},
	Edition = {fifth},
	Publisher = {Prentice Hall},
	Title = {Internetworking With TCP/IP},
	Volume = {1: Principles Protocols, and Architecture},
	Year = {2006}}

@inproceedings{Sankar2004uq,
	Author = {Sankar, A. and Liu, Z.},
	Booktitle = {Proceedings of the 23rd Annual Joint Conference of the IEEE Computer and Communications Societies},
	Date-Added = {2007-11-27 16:58:40 +0100},
	Date-Modified = {2008-02-17 14:52:14 +0100},
	Pages = {1089-1097},
	Publisher = {IEEE Press},
	Title = {Maximum lifetime routing in wireless ad-hoc networks},
	Volume = {2},
	Year = {2004}}

@inproceedings{Chang2000qy,
	Author = {J.H. Chang and L. Tassiulas},
	Booktitle = {Proceedings of the 19th Annual Joint Conference of the IEEE Computer and Communications Societies},
	Date-Added = {2007-11-27 16:41:25 +0100},
	Date-Modified = {2008-02-17 14:37:51 +0100},
	Pages = {22-31},
	Publisher = {IEEE Press},
	Title = {Energy Conserving Routing in Wireless Ad-hoc Networks},
	Volume = {1},
	Year = {2000}}
