@book{diamantaras1996pcn,
 	title={{Principal component neural networks: theory and applications}},
	author={Diamantaras, KI and Kung, SY},
	year={1996},
	publisher={John Wiley \& Sons, Inc. New York, NY, USA}}


@book{ilyas2004hsn,
	Author = {Ilyas, M. and Mahgoub, I. and Kelly, L.},
	Publisher = {CRC Press, Inc. Boca Raton, FL, USA},
	Title = {{Handbook of Sensor Networks: Compact Wireless and Wired Sensing Systems}},
	Year = {2004}}

@inproceedings{Bontempi2005Adaptive,
	Author = {G. Bontempi and Y. {Le Borgne}.},
	Booktitle = {Proceedings of the Workshop on Data Mining in Sensor Networks, SIAM SDM},
	Date-Modified = {2008-02-17 14:37:10 +0100},
	Pages = {3-9},
	Publisher = {{SIAM} Press},
	Title = {An Adaptive Modular Approach to the Mining of Sensor Network Data},
	Year = {2005}}

@inproceedings{tulone2006pts,
	Author = {Tulone, D. and Madden, S.},
	Booktitle = {Proceedings of the 3rd European Workshop on Wireless Sensor Networks},
	Date-Modified = {2008-02-17 14:54:24 +0100},
	Pages = {21-37},
	Publisher = {Springer},
	Title = {{PAQ: Time Series Forecasting for Approximate Query Answering in Sensor Networks}},
	Year = {2006}}

@book{hyvarinen2001ica,
	Author = {Hyvarinen, A. and Karhunen, J. and Oja, E.},
	Publisher = {J. Wiley New York},
	Title = {{Independent Component Analysis}},
	Year = {2001}}

@book{jolliffe2002pca,
	Author = {Jolliffe, I.T.},
	Publisher = {Springer},
	Title = {{Principal Component Analysis}},
	Year = {2002}}

@article{jain2004ass,
	Author = {Jain, A. and Chang, E.Y.},
	Journal = {ACM International Conference Proceeding Series},
	Pages = {10--16},
	Publisher = {ACM Press New York, NY, USA},
	Title = {{Adaptive sampling for sensor networks}},
	Year = {2004}}

@article{yao2002can,
	Author = {Yao, Y. and Gehrke, J.},
	Journal = {ACM SIGMOD Record},
	Number = {3},
	Pages = {9--18},
	Publisher = {ACM Press New York, NY, USA},
	Title = {{The cougar approach to in-network query processing in sensor networks}},
	Volume = {31},
	Year = {2002}}

@article{akyildiz2002wsn,
	Author = {Akyildiz, I.F. and Su, W. and Sankarasubramaniam, Y. and Cayirci, E.},
	Date-Modified = {2008-02-17 14:33:14 +0100},
	Journal = {Computer Networks},
	Number = {4},
	Pages = {393--422},
	Publisher = {Elsevier},
	Title = {{Wireless sensor networks: a survey}},
	Volume = {38},
	Year = {2002}}

@inproceedings{madden2002tta,
	Author = {Madden, S. and Franklin, M.J. and Hellerstein, J.M. and Hong, W.},
	Booktitle = {Proceedings of the 5th ACM Symposium on Operating System Design and Implementation (OSDI)},
	Date-Modified = {2008-02-17 14:47:53 +0100},
	Pages = {131 - 146  },
	Publisher = {ACM Press},
	Title = {{TAG: a Tiny AGgregation Service for Ad-Hoc Sensor Networks}},
	Volume = {36},
	Year = {2002}}

@article{madden2005taq,
	Author = {Madden, S.R. and Franklin, M.J. and Hellerstein, J.M. and Hong, W.},
	Journal = {ACM Transactions on Database Systems (TODS)},
	Number = {1},
	Pages = {122--173},
	Publisher = {ACM Press New York, NY, USA},
	Title = {{TinyDB: an acquisitional query processing system for sensor networks}},
	Volume = {30},
	Year = {2005}}

@inproceedings{burri2007dul,
	Author = {Burri, N. and Wattenhofer, R.},
	Booktitle = {Proceedings of the 6th international conference on Information processing in sensor networks},
	Date-Modified = {2008-02-17 14:37:24 +0100},
	Pages = {450--459},
	Publisher = {ACM Press},
	Title = {{Dozer: ultra-low power data gathering in sensor networks}},
	Year = {2007}}

@book{zhao2004wsn,
	Author = {Zhao, F. and Guibas, L.J.},
	Publisher = {Morgan Kaufmann},
	Title = {{Wireless Sensor Networks: An Information Processing Approach}},
	Year = {2004}}

@book{mardia1979ma,
	Author = {Mardia, K.V. and Kent, J.T. and Bibby, J.M. and others},
	Publisher = {Academic Press New York},
	Title = {{Multivariate analysis}},
	Year = {1979}}

@article{Kumar2000lr,
	Author = {Kumar, P. R. and Gupta, P.},
	Date-Added = {2007-11-30 20:12:40 +0100},
	Date-Modified = {2007-11-30 20:12:40 +0100},
	Journal = {IEEE Transactions on Information Theory},
	Month = {March},
	Number = {2},
	Pages = {388--404},
	Title = {The capacity of wireless networks},
	Volume = {46},
	Year = {2000}}

@article{Furlanetto:2006b,
author = {Steven R Furlanetto and Matthew McQuinn and Lars Hernquist}, 
journal = {\mnras},
title = {Characteristic scales during reionization},
pages = {115},
volume = {365},
year = {2006},
month = {Jan}
}

@ARTICLE{Gnedin:2000,
       author = {{Gnedin}, Nickolay Y.},
        title = "{Cosmological Reionization by Stellar Sources}",
      journal = {\apj},
         year = "2000",
        month = "Jun",
       volume = {535},
       number = {2},
        pages = {530-554},
          doi = {10.1086/308876},
}


@ARTICLE{Furlanetto:2016,
       author = {{Furlanetto}, Steven R. and {Oh}, S. Peng},
        title = "{Reionization through the lens of percolation theory}",
      journal = {\mnras},
         year = "2016",
        month = "Apr",
       volume = {457},
       number = {2},
        pages = {1813-1827},
          doi = {10.1093/mnras/stw104},
}

@inproceedings{Wu2004lr,
	Author = {Xiaohua Luo and Kougen Zheng and Yunhe Pan and Zhaohui Wu},
	Booktitle = {IEEE International Conference on Systems, Man and Cybernetics},
	Date-Added = {2007-11-30 20:07:50 +0100},
	Date-Modified = {2007-11-30 20:09:25 +0100},
	Pages = {6081- 6086},
	Title = {A TCP/IP implementation for wireless sensor networks},
	Volume = {7},
	Year = {2004}}

@book{Comer2006uq,
	Author = {Comer, Douglas},
	Date-Added = {2007-11-30 20:04:58 +0100},
	Date-Modified = {2007-11-30 20:04:58 +0100},
	Edition = {fifth},
	Publisher = {Prentice Hall},
	Title = {Internetworking With TCP/IP},
	Volume = {1: Principles Protocols, and Architecture},
	Year = {2006}}

@inproceedings{Sankar2004uq,
	Author = {Sankar, A. and Liu, Z.},
	Booktitle = {Proceedings of the 23rd Annual Joint Conference of the IEEE Computer and Communications Societies},
	Date-Added = {2007-11-27 16:58:40 +0100},
	Date-Modified = {2008-02-17 14:52:14 +0100},
	Pages = {1089-1097},
	Publisher = {IEEE Press},
	Title = {Maximum lifetime routing in wireless ad-hoc networks},
	Volume = {2},
	Year = {2004}}

@inproceedings{Chang2000qy,
	Author = {J.H. Chang and L. Tassiulas},
	Booktitle = {Proceedings of the 19th Annual Joint Conference of the IEEE Computer and Communications Societies},
	Date-Added = {2007-11-27 16:41:25 +0100},
	Date-Modified = {2008-02-17 14:37:51 +0100},
	Pages = {22-31},
	Publisher = {IEEE Press},
	Title = {Energy Conserving Routing in Wireless Ad-hoc Networks},
	Volume = {1},
	Year = {2000}}

@ARTICLE{Liu:2013,
       author = {{Liu}, Adrian and {Pritchard}, Jonathan R. and {Tegmark}, Max and
         {Loeb}, Abraham},
        title = "{Global 21 cm signal experiments: A designer's guide}",
      journal = {\prd},
     keywords = {95.75.-z, 95.75.Pq, 98.80.-k, 98.80.Es, Observation and data reduction techniques, computer modeling and simulation, Mathematical procedures and computer techniques, Cosmology, Observational cosmology, Astrophysics - Cosmology and Extragalactic Astrophysics},
         year = "2013",
        month = "Feb",
       volume = {87},
       number = {4},
          eid = {043002},
        pages = {043002},
          doi = {10.1103/PhysRevD.87.043002},
archivePrefix = {arXiv},
       eprint = {1211.3743},
 primaryClass = {astro-ph.CO},
       adsurl = {https://ui.adsabs.harvard.edu/abs/2013PhRvD..87d3002L},
      adsnote = {Provided by the SAO/NASA Astrophysics Data System}
}

@ARTICLE{Fialkov:2018,
       author = {{Fialkov}, Anastasia and {Barkana}, Rennan and {Cohen}, Aviad},
        title = "{Constraining Baryon-Dark-Matter Scattering with the Cosmic Dawn 21-cm Signal}",
      journal = {\prl},
     keywords = {Astrophysics - Cosmology and Nongalactic Astrophysics},
         year = "2018",
        month = "Jul",
       volume = {121},
       number = {1},
          eid = {011101},
        pages = {011101},
          doi = {10.1103/PhysRevLett.121.011101},
archivePrefix = {arXiv},
       eprint = {1802.10577},
 primaryClass = {astro-ph.CO},
       adsurl = {https://ui.adsabs.harvard.edu/abs/2018PhRvL.121a1101F},
      adsnote = {Provided by the SAO/NASA Astrophysics Data System}
}

@ARTICLE{Mirocha:2013,
       author = {{Mirocha}, Jordan and {Harker}, Geraint J.~A. and {Burns}, Jack O.},
        title = "{Interpreting the Global 21 cm Signal from High Redshifts. I. Model-independent constraints}",
      journal = {\apj},
     keywords = {dark ages, reionization, first stars, diffuse radiation, Astrophysics - Cosmology and Nongalactic Astrophysics},
         year = "2013",
        month = "Nov",
       volume = {777},
       number = {2},
          eid = {118},
        pages = {118},
          doi = {10.1088/0004-637X/777/2/118},
archivePrefix = {arXiv},
       eprint = {1309.2296},
 primaryClass = {astro-ph.CO},
       adsurl = {https://ui.adsabs.harvard.edu/abs/2013ApJ...777..118M},
      adsnote = {Provided by the SAO/NASA Astrophysics Data System}
}

@ARTICLE{Bowman:2018,
       author = {{Bowman}, Judd D. and {Rogers}, Alan E.~E. and {Monsalve}, Raul A. and
         {Mozdzen}, Thomas J. and {Mahesh}, Nivedita},
        title = "{An absorption profile centred at 78 megahertz in the sky-averaged spectrum}",
      journal = {\nat},
     keywords = {Astrophysics - Cosmology and Nongalactic Astrophysics, Astrophysics - Instrumentation and Methods for Astrophysics},
         year = "2018",
        month = "Mar",
       volume = {555},
       number = {7694},
        pages = {67-70},
          doi = {10.1038/nature25792},
archivePrefix = {arXiv},
       eprint = {1810.05912},
 primaryClass = {astro-ph.CO},
       adsurl = {https://ui.adsabs.harvard.edu/abs/2018Natur.555...67B},
      adsnote = {Provided by the SAO/NASA Astrophysics Data System}
}

@ARTICLE{Harker:2016,
       author = {{Harker}, Geraint J.~A. and {Mirocha}, Jordan and {Burns}, Jack O. and
         {Pritchard}, Jonathan R.},
        title = "{Parametrizations of the 21-cm global signal and parameter estimation from single-dipole experiments}",
      journal = {\mnras},
     keywords = {methods: statistical, cosmology: theory, dark ages, reionization, first stars, diffuse radiation, radio lines: general, Astrophysics - Cosmology and Nongalactic Astrophysics},
         year = "2016",
        month = "Feb",
       volume = {455},
       number = {4},
        pages = {3829-3840},
          doi = {10.1093/mnras/stv2630},
archivePrefix = {arXiv},
       eprint = {1510.00271},
 primaryClass = {astro-ph.CO},
       adsurl = {https://ui.adsabs.harvard.edu/abs/2016MNRAS.455.3829H},
      adsnote = {Provided by the SAO/NASA Astrophysics Data System}
}

@ARTICLE{Pritchard:2012,
       author = {{Pritchard}, Jonathan R. and {Loeb}, Abraham},
        title = "{21 cm cosmology in the 21st century}",
      journal = {Reports on Progress in Physics},
     keywords = {Astrophysics - Cosmology and Nongalactic Astrophysics},
         year = "2012",
        month = "Aug",
       volume = {75},
       number = {8},
          eid = {086901},
        pages = {086901},
          doi = {10.1088/0034-4885/75/8/086901},
archivePrefix = {arXiv},
       eprint = {1109.6012},
 primaryClass = {astro-ph.CO},
       adsurl = {https://ui.adsabs.harvard.edu/abs/2012RPPh...75h6901P},
      adsnote = {Provided by the SAO/NASA Astrophysics Data System}
}

@ARTICLE{Tashiro:2014,
       author = {{Tashiro}, Hiroyuki and {Kadota}, Kenji and {Silk}, Joseph},
        title = "{Effects of dark matter-baryon scattering on redshifted 21 cm signals}",
      journal = {\prd},
     keywords = {95.35.+d, 98.70.Vc, 98.80.Es, Dark matter, Background radiations, Observational cosmology, Astrophysics - Cosmology and Nongalactic Astrophysics, High Energy Physics - Phenomenology},
         year = "2014",
        month = "Oct",
       volume = {90},
       number = {8},
          eid = {083522},
        pages = {083522},
          doi = {10.1103/PhysRevD.90.083522},
archivePrefix = {arXiv},
       eprint = {1408.2571},
 primaryClass = {astro-ph.CO},
       adsurl = {https://ui.adsabs.harvard.edu/abs/2014PhRvD..90h3522T},
      adsnote = {Provided by the SAO/NASA Astrophysics Data System}
}

@ARTICLE{Tseliakhovich:2010,
       author = {{Tseliakhovich}, Dmitriy and {Hirata}, Christopher},
        title = "{Relative velocity of dark matter and baryonic fluids and the formation of the first structures}",
      journal = {\prd},
     keywords = {98.65.Dx, 98.80.Es, Superclusters, large-scale structure of the Universe, Observational cosmology, Astrophysics - Cosmology and Nongalactic Astrophysics},
         year = "2010",
        month = "Oct",
       volume = {82},
       number = {8},
          eid = {083520},
        pages = {083520},
          doi = {10.1103/PhysRevD.82.083520},
archivePrefix = {arXiv},
       eprint = {1005.2416},
 primaryClass = {astro-ph.CO},
       adsurl = {https://ui.adsabs.harvard.edu/abs/2010PhRvD..82h3520T},
      adsnote = {Provided by the SAO/NASA Astrophysics Data System}
}

@ARTICLE{Munoz:2015,
       author = {{Mu{\~n}oz}, Julian B. and {Kovetz}, Ely D. and
         {Ali-Ha{\"\i}moud}, Yacine},
        title = "{Heating of baryons due to scattering with dark matter during the dark ages}",
      journal = {\prd},
     keywords = {95.35.+d, 98.80.-k, Dark matter, Cosmology, Astrophysics - Cosmology and Nongalactic Astrophysics},
         year = "2015",
        month = "Oct",
       volume = {92},
       number = {8},
          eid = {083528},
        pages = {083528},
          doi = {10.1103/PhysRevD.92.083528},
archivePrefix = {arXiv},
       eprint = {1509.00029},
 primaryClass = {astro-ph.CO},
       adsurl = {https://ui.adsabs.harvard.edu/abs/2015PhRvD..92h3528M},
      adsnote = {Provided by the SAO/NASA Astrophysics Data System}
}

@ARTICLE{Furlanetto:2006a,
       author = {{Furlanetto}, Steven R. and {Oh}, S. Peng and {Briggs}, Frank H.},
        title = "{Cosmology at low frequencies: The 21 cm transition and the high-redshift Universe}",
      journal = {Physics Reports},
     keywords = {Astrophysics},
         year = "2006",
        month = "Oct",
       volume = {433},
       number = {4-6},
        pages = {181-301},
          doi = {10.1016/j.physrep.2006.08.002},
archivePrefix = {arXiv},
       eprint = {astro-ph/0608032},
 primaryClass = {astro-ph},
       adsurl = {https://ui.adsabs.harvard.edu/abs/2006PhR...433..181F},
      adsnote = {Provided by the SAO/NASA Astrophysics Data System}
}

@ARTICLE{Cohen:2017,
       author = {{Cohen}, Aviad and {Fialkov}, Anastasia and {Barkana}, Rennan and
         {Lotem}, Matan},
        title = "{Charting the parameter space of the global 21-cm signal}",
      journal = {\mnras},
     keywords = {galaxies: formation, galaxies: high-redshift, intergalactic medium, cosm-ology: theory, galaxies: high-redshift - intergalactic medium, Astrophysics - Cosmology and Nongalactic Astrophysics},
         year = "2017",
        month = "Dec",
       volume = {472},
       number = {2},
        pages = {1915-1931},
          doi = {10.1093/mnras/stx2065},
archivePrefix = {arXiv},
       eprint = {1609.02312},
 primaryClass = {astro-ph.CO},
       adsurl = {https://ui.adsabs.harvard.edu/abs/2017MNRAS.472.1915C},
      adsnote = {Provided by the SAO/NASA Astrophysics Data System}
}

@ARTICLE{Greig:2015,
       author = {{Greig}, Bradley and {Mesinger}, Andrei},
        title = "{21CMMC: an MCMC analysis tool enabling astrophysical parameter studies of the cosmic 21 cm signal}",
      journal = {\mnras},
     keywords = {galaxies: high-redshift, intergalactic medium, cosmology: theory, dark ages, reionization, first stars, diffuse radiation, early Universe, Astrophysics - Cosmology and Nongalactic Astrophysics},
         year = "2015",
        month = "Jun",
       volume = {449},
       number = {4},
        pages = {4246-4263},
          doi = {10.1093/mnras/stv571},
archivePrefix = {arXiv},
       eprint = {1501.06576},
 primaryClass = {astro-ph.CO},
       adsurl = {https://ui.adsabs.harvard.edu/abs/2015MNRAS.449.4246G},
      adsnote = {Provided by the SAO/NASA Astrophysics Data System}
}

@ARTICLE{Watkinson:2015,
       author = {{Watkinson}, C.~A. and {Pritchard}, J.~R.},
        title = "{The impact of spin-temperature fluctuations on the 21-cm moments}",
      journal = {\mnras},
     keywords = {methods: statistical, intergalactic medium, cosmology: theory, dark ages, reionization, first stars, Astrophysics - Cosmology and Nongalactic Astrophysics},
         year = "2015",
        month = "Dec",
       volume = {454},
       number = {2},
        pages = {1416-1431},
          doi = {10.1093/mnras/stv2010},
archivePrefix = {arXiv},
       eprint = {1505.07108},
 primaryClass = {astro-ph.CO},
       adsurl = {https://ui.adsabs.harvard.edu/abs/2015MNRAS.454.1416W},
      adsnote = {Provided by the SAO/NASA Astrophysics Data System}
}

@ARTICLE{Harker:2009,
       author = {{Harker}, Geraint J.~A. and {Zaroubi}, Saleem and {Thomas}, Rajat M. and
         {Jeli{\'c}}, Vibor and {Labropoulos}, Panagiotis and
         {Mellema}, Garrelt and {Iliev}, Ilian T. and {Bernardi}, Gianni and
         {Brentjens}, Michiel A. and {de Bruyn}, A.~G.},
        title = "{Detection and extraction of signals from the epoch of reionization using higher-order one-point statistics}",
      journal = {\mnras},
     keywords = {methods: statistical, cosmology: theory, diffuse radiation, radio lines: general, Astrophysics},
         year = "2009",
        month = "Mar",
       volume = {393},
       number = {4},
        pages = {1449-1458},
          doi = {10.1111/j.1365-2966.2008.14209.x},
archivePrefix = {arXiv},
       eprint = {0809.2428},
 primaryClass = {astro-ph},
       adsurl = {https://ui.adsabs.harvard.edu/abs/2009MNRAS.393.1449H},
      adsnote = {Provided by the SAO/NASA Astrophysics Data System}
}

@ARTICLE{Patil:2014,
       author = {{Patil}, Ajinkya H. and {Zaroubi}, Saleem and {Chapman}, Emma and
         {Jeli{\'c}}, Vibor and {Harker}, Geraint and {Abdalla}, Filipe B. and
         {Asad}, Khan M.~B. and {Bernardi}, Gianni and {Brentjens}, Michiel A. and
         {de Bruyn}, A.~G.},
        title = "{Constraining the epoch of reionization with the variance statistic: simulations of the LOFAR case}",
      journal = {\mnras},
     keywords = {methods: statistical, techniques: interferometric, dark ages, reionization, first stars, Astrophysics - Cosmology and Nongalactic Astrophysics},
         year = "2014",
        month = "Sep",
       volume = {443},
       number = {2},
        pages = {1113-1124},
          doi = {10.1093/mnras/stu1178},
archivePrefix = {arXiv},
       eprint = {1401.4172},
 primaryClass = {astro-ph.CO},
       adsurl = {https://ui.adsabs.harvard.edu/abs/2014MNRAS.443.1113P},
      adsnote = {Provided by the SAO/NASA Astrophysics Data System}
}

@ARTICLE{Kittiwisit:2016,
       author = {{Kittiwisit}, Piyanat and {Bowman}, Judd D. and {Jacobs}, Daniel C. and
         {Thyagarajan}, Nithyanandan and {Beardsley}, Adam P.},
        title = "{Impact of Instrument Responses on the Detectability of One-point Statistics from Redshifted 21 cm Observations}",
      journal = {arXiv e-prints},
     keywords = {Astrophysics - Cosmology and Nongalactic Astrophysics},
         year = "2016",
        month = "Oct",
          eid = {arXiv:1610.06100},
        pages = {arXiv:1610.06100},
archivePrefix = {arXiv},
       eprint = {1610.06100},
 primaryClass = {astro-ph.CO},
       adsurl = {https://ui.adsabs.harvard.edu/abs/2016arXiv161006100K},
      adsnote = {Provided by the SAO/NASA Astrophysics Data System}
}


@ARTICLE{Kubota:2016,
       author = {{Kubota}, Kenji and {Yoshiura}, Shintaro and {Shimabukuro}, Hayato and
         {Takahashi}, Keitaro},
        title = "{Expected constraints on models of the epoch of reionization with the variance and skewness in redshifted 21 cm-line fluctuations}",
      journal = {\pasj},
     keywords = {cosmology: observations, dark ages, reionization, first stars, Astrophysics - Cosmology and Nongalactic Astrophysics},
         year = "2016",
        month = "Aug",
       volume = {68},
       number = {4},
          eid = {61},
        pages = {61},
          doi = {10.1093/pasj/psw059},
archivePrefix = {arXiv},
       eprint = {1602.02873},
 primaryClass = {astro-ph.CO},
       adsurl = {https://ui.adsabs.harvard.edu/abs/2016PASJ...68...61K},
      adsnote = {Provided by the SAO/NASA Astrophysics Data System}
}

@ARTICLE{Watkinson:2014,
       author = {{Watkinson}, C.~A. and {Pritchard}, J.~R.},
        title = "{Distinguishing models of reionization using future radio observations of 21-cm 1-point statistics}",
      journal = {\mnras},
     keywords = {methods: statistical, intergalactic medium, cosmology: theory, dark ages, reionization, first stars, Astrophysics - Cosmology and Nongalactic Astrophysics},
         year = "2014",
        month = "Oct",
       volume = {443},
       number = {4},
        pages = {3090-3106},
          doi = {10.1093/mnras/stu1384},
archivePrefix = {arXiv},
       eprint = {1312.1342},
 primaryClass = {astro-ph.CO},
       adsurl = {https://ui.adsabs.harvard.edu/abs/2014MNRAS.443.3090W},
      adsnote = {Provided by the SAO/NASA Astrophysics Data System}
}

@ARTICLE{Shimabukuro:2015,
       author = {{Shimabukuro}, Hayato and {Yoshiura}, Shintaro and {Takahashi}, Keitaro and
         {Yokoyama}, Shuichiro and {Ichiki}, Kiyotomo},
        title = "{Studying 21cm power spectrum with one-point statistics}",
      journal = {\mnras},
     keywords = {cosmology: theory, dark ages, reionization, first stars, diffuse radiation, Astrophysics - Cosmology and Nongalactic Astrophysics},
         year = "2015",
        month = "Jul",
       volume = {451},
       number = {1},
        pages = {467-474},
          doi = {10.1093/mnras/stv965},
archivePrefix = {arXiv},
       eprint = {1412.3332},
 primaryClass = {astro-ph.CO},
       adsurl = {https://ui.adsabs.harvard.edu/abs/2015MNRAS.451..467S},
      adsnote = {Provided by the SAO/NASA Astrophysics Data System}
}



@ARTICLE{Majumdar:2018,
       author = {{Majumdar}, Suman and {Pritchard}, Jonathan R. and {Mondal}, Rajesh and
         {Watkinson}, Catherine A. and {Bharadwaj}, Somnath and
         {Mellema}, Garrelt},
        title = "{Quantifying the non-Gaussianity in the EoR 21-cm signal through bispectrum}",
      journal = {\mnras},
     keywords = {methods: numerical, dark ages, reionization, first stars, Astrophysics - Cosmology and Nongalactic Astrophysics},
         year = "2018",
        month = "May",
       volume = {476},
       number = {3},
        pages = {4007-4024},
          doi = {10.1093/mnras/sty535},
archivePrefix = {arXiv},
       eprint = {1708.08458},
 primaryClass = {astro-ph.CO},
       adsurl = {https://ui.adsabs.harvard.edu/abs/2018MNRAS.476.4007M},
      adsnote = {Provided by the SAO/NASA Astrophysics Data System}
}

@ARTICLE{Watkinson:2019,
       author = {{Watkinson}, Catherine A. and {Giri}, Sambit K. and {Ross}, Hannah E. and
         {Dixon}, Keri L. and {Iliev}, Ilian T. and {Mellema}, Garrelt and
         {Pritchard}, Jonathan R.},
        title = "{The 21-cm bispectrum as a probe of non-Gaussianities due to X-ray heating}",
      journal = {\mnras},
     keywords = {methods: statistical, intergalactic medium, dark ages, reionization, first stars, cosmology: theory, Astrophysics - Cosmology and Nongalactic Astrophysics},
         year = "2019",
        month = "Jan",
       volume = {482},
       number = {2},
        pages = {2653-2669},
          doi = {10.1093/mnras/sty2740},
archivePrefix = {arXiv},
       eprint = {1808.02372},
 primaryClass = {astro-ph.CO},
       adsurl = {https://ui.adsabs.harvard.edu/abs/2019MNRAS.482.2653W},
      adsnote = {Provided by the SAO/NASA Astrophysics Data System}
}

@ARTICLE{Watkinson:2017,
       author = {{Watkinson}, Catherine A. and {Majumdar}, Suman and
         {Pritchard}, Jonathan R. and {Mondal}, Rajesh},
        title = "{A fast estimator for the bispectrum and beyond - a practical method for measuring non-Gaussianity in 21-cm maps}",
      journal = {\mnras},
     keywords = {methods: statistical, intergalactic medium, dark ages, reionization, first stars, cosmology: theory, Astrophysics - Cosmology and Nongalactic Astrophysics},
         year = "2017",
        month = "Dec",
       volume = {472},
       number = {2},
        pages = {2436-2446},
          doi = {10.1093/mnras/stx2130},
archivePrefix = {arXiv},
       eprint = {1705.06284},
 primaryClass = {astro-ph.CO},
       adsurl = {https://ui.adsabs.harvard.edu/abs/2017MNRAS.472.2436W},
      adsnote = {Provided by the SAO/NASA Astrophysics Data System}
}

@ARTICLE{Lewis:2011,
       author = {{Lewis}, Antony},
        title = "{The real shape of non-Gaussianities}",
      journal = {\jcap},
     keywords = {Astrophysics - Cosmology and Extragalactic Astrophysics},
         year = "2011",
        month = "Oct",
       volume = {2011},
       number = {10},
          eid = {026},
        pages = {026},
          doi = {10.1088/1475-7516/2011/10/026},
archivePrefix = {arXiv},
       eprint = {1107.5431},
 primaryClass = {astro-ph.CO},
       adsurl = {https://ui.adsabs.harvard.edu/abs/2011JCAP...10..026L},
      adsnote = {Provided by the SAO/NASA Astrophysics Data System}
}


@ARTICLE{Shimabukuro:2016,
       author = {{Shimabukuro}, Hayato and {Yoshiura}, Shintaro and {Takahashi}, Keitaro and
         {Yokoyama}, Shuichiro and {Ichiki}, Kiyotomo},
        title = "{21 cm line bispectrum as a method to probe cosmic dawn and epoch of reionization}",
      journal = {\mnras},
     keywords = {intergalactic medium, cosmology: theory, Astrophysics - Cosmology and Nongalactic Astrophysics},
         year = "2016",
        month = "May",
       volume = {458},
       number = {3},
        pages = {3003-3011},
          doi = {10.1093/mnras/stw482},
archivePrefix = {arXiv},
       eprint = {1507.01335},
 primaryClass = {astro-ph.CO},
       adsurl = {https://ui.adsabs.harvard.edu/abs/2016MNRAS.458.3003S},
      adsnote = {Provided by the SAO/NASA Astrophysics Data System}
}


@ARTICLE{Ross:2017,
       author = {{Ross}, Hannah E. and {Dixon}, Keri L. and {Iliev}, Ilian T. and
         {Mellema}, Garrelt},
        title = "{Simulating the impact of X-ray heating during the cosmic dawn}",
      journal = {\mnras},
     keywords = {radiative transfer, galaxies: formation, intergalactic medium, dark ages, reionization, first stars, cosmology: theory, Astrophysics - Cosmology and Nongalactic Astrophysics},
         year = "2017",
        month = "Jul",
       volume = {468},
       number = {4},
        pages = {3785-3797},
          doi = {10.1093/mnras/stx649},
archivePrefix = {arXiv},
       eprint = {1607.06282},
 primaryClass = {astro-ph.CO},
       adsurl = {https://ui.adsabs.harvard.edu/abs/2017MNRAS.468.3785R},
      adsnote = {Provided by the SAO/NASA Astrophysics Data System}
}

@ARTICLE{Trott:2016,
       author = {{Trott}, Cathryn M.},
        title = "{Exploring the evolution of reionization using a wavelet transform and the light cone effect}",
      journal = {\mnras},
     keywords = {methods: statistical, techniques: interferometric, dark ages, reionization, first stars, Astrophysics - Cosmology and Nongalactic Astrophysics, Astrophysics - Instrumentation and Methods for Astrophysics},
         year = "2016",
        month = "Sep",
       volume = {461},
       number = {1},
        pages = {126-135},
          doi = {10.1093/mnras/stw1310},
archivePrefix = {arXiv},
       eprint = {1605.07256},
 primaryClass = {astro-ph.CO},
       adsurl = {https://ui.adsabs.harvard.edu/abs/2016MNRAS.461..126T},
      adsnote = {Provided by the SAO/NASA Astrophysics Data System}
}

@ARTICLE{Hong:2014,
       author = {{Hong}, Sungwook E. and {Ahn}, Kyungjin and {Park}, Changbom and
         {Kim}, Juhan and {Iliev}, Ilian T. and {Mellema}, Garrelt},
        title = "{2D Genus Topology of 21-cm Differential Brightness Temperature During Cosmic Reionization}",
      journal = {Journal of Korean Astronomical Society},
     keywords = {cosmology: theory, cosmology: observations, intergalactic medium, large-scale structure of universe, methods: statistical, radiative transfer, Astrophysics - Cosmology and Nongalactic Astrophysics},
         year = "2014",
        month = "Apr",
       volume = {47},
       number = {2},
        pages = {49-67},
          doi = {10.5303/JKAS.2014.47.2.049},
archivePrefix = {arXiv},
       eprint = {1008.3914},
 primaryClass = {astro-ph.CO},
       adsurl = {https://ui.adsabs.harvard.edu/abs/2014JKAS...47...49H},
      adsnote = {Provided by the SAO/NASA Astrophysics Data System}
}

@ARTICLE{Friedrich:2011,
       author = {{Friedrich}, Martina M. and {Mellema}, Garrelt and
         {Alvarez}, Marcelo A. and {Shapiro}, Paul R. and {Iliev}, Ilian T.},
        title = "{Topology and sizes of H II regions during cosmic reionization}",
      journal = {\mnras},
     keywords = {ISM: bubbles, H II regions, galaxies: formation, galaxies: high-redshift, intergalactic medium, cosmology: theory, Astrophysics - Cosmology and Extragalactic Astrophysics},
         year = "2011",
        month = "May",
       volume = {413},
       number = {2},
        pages = {1353-1372},
          doi = {10.1111/j.1365-2966.2011.18219.x},
archivePrefix = {arXiv},
       eprint = {1006.2016},
 primaryClass = {astro-ph.CO},
       adsurl = {https://ui.adsabs.harvard.edu/abs/2011MNRAS.413.1353F},
      adsnote = {Provided by the SAO/NASA Astrophysics Data System}
}


@ARTICLE{Lee:2008,
       author = {{Lee}, Khee-Gan and {Cen}, Renyue and {Gott}, J. Richard, III and
         {Trac}, Hy},
        title = "{The Topology of Cosmological Reionization}",
      journal = {\apj},
     keywords = {cosmology: theory, intergalactic medium, large-scale structure of universe, methods: numerical, methods: statistical, radiative transfer, Astrophysics},
         year = "2008",
        month = "Mar",
       volume = {675},
       number = {1},
        pages = {8-15},
          doi = {10.1086/525520},
archivePrefix = {arXiv},
       eprint = {0708.2431},
 primaryClass = {astro-ph},
       adsurl = {https://ui.adsabs.harvard.edu/abs/2008ApJ...675....8L},
      adsnote = {Provided by the SAO/NASA Astrophysics Data System}
}

@ARTICLE{Gleser:2006,
       author = {{Gleser}, Liron and {Nusser}, Adi and {Ciardi}, Benedetta and
         {Desjacques}, Vincent},
        title = "{The morphology of cosmological reionization by means of Minkowski functionals}",
      journal = {\mnras},
     keywords = {intergalactic medium: large-scale structure of Universe, intergalactic medium, large-scale structure of Universe, Astrophysics},
         year = "2006",
        month = "Aug",
       volume = {370},
       number = {3},
        pages = {1329-1338},
          doi = {10.1111/j.1365-2966.2006.10556.x},
archivePrefix = {arXiv},
       eprint = {astro-ph/0602616},
 primaryClass = {astro-ph},
       adsurl = {https://ui.adsabs.harvard.edu/abs/2006MNRAS.370.1329G},
      adsnote = {Provided by the SAO/NASA Astrophysics Data System}
}

@ARTICLE{Wang:2015,
       author = {{Wang}, Yougang and {Park}, Changbom and {Xu}, Yidong and
         {Chen}, Xuelei and {Kim}, Juhan},
        title = "{Two-dimensional Topology of Cosmological Reionization}",
      journal = {\apj},
     keywords = {cosmology: theory, large-scale structure of universe, methods: numerical, Astrophysics - Cosmology and Nongalactic Astrophysics},
         year = "2015",
        month = "Nov",
       volume = {814},
       number = {1},
          eid = {6},
        pages = {6},
          doi = {10.1088/0004-637X/814/1/6},
archivePrefix = {arXiv},
       eprint = {1510.01404},
 primaryClass = {astro-ph.CO},
       adsurl = {https://ui.adsabs.harvard.edu/abs/2015ApJ...814....6W},
      adsnote = {Provided by the SAO/NASA Astrophysics Data System}
}

@ARTICLE{Yoshiura:2017,
       author = {{Yoshiura}, Shintaro and {Shimabukuro}, Hayato and {Takahashi}, Keitaro and
         {Matsubara}, Takahiko},
        title = "{Studying topological structure of 21-cm line fluctuations with 3D Minkowski functionals before reionization}",
      journal = {\mnras},
     keywords = {cosmology: theory, dark ages, reionization, first stars, large-scale structure of Universe, Astrophysics - Cosmology and Nongalactic Astrophysics},
         year = "2017",
        month = "Feb",
       volume = {465},
       number = {1},
        pages = {394-402},
          doi = {10.1093/mnras/stw2701},
archivePrefix = {arXiv},
       eprint = {1602.02351},
 primaryClass = {astro-ph.CO},
       adsurl = {https://ui.adsabs.harvard.edu/abs/2017MNRAS.465..394Y},
      adsnote = {Provided by the SAO/NASA Astrophysics Data System}
}

@ARTICLE{Chen:2018,
       author = {{Chen}, Zhaoting and {Xu}, Yidong and {Wang}, Yougang and {Chen}, Xuelei},
        title = "{Stages of Reionization as revealed by the Minkowski Functionals}",
      journal = {arXiv e-prints},
     keywords = {Astrophysics - Cosmology and Nongalactic Astrophysics},
         year = "2018",
        month = "Dec",
          eid = {arXiv:1812.10333},
        pages = {arXiv:1812.10333},
archivePrefix = {arXiv},
       eprint = {1812.10333},
 primaryClass = {astro-ph.CO},
       adsurl = {https://ui.adsabs.harvard.edu/abs/2018arXiv181210333C},
      adsnote = {Provided by the SAO/NASA Astrophysics Data System}
}

@ARTICLE{Bag:2018,
       author = {{Bag}, Satadru and {Mondal}, Rajesh and {Sarkar}, Prakash and
         {Bharadwaj}, Somnath and {Sahni}, Varun},
        title = "{The shape and size distribution of H II regions near the percolation transition}",
      journal = {\mnras},
     keywords = {intergalactic medium, dark ages, reionization, first stars, large-scale structure of Universe, cosmology: theory, Astrophysics - Cosmology and Nongalactic Astrophysics},
         year = "2018",
        month = "Jun",
       volume = {477},
       number = {2},
        pages = {1984-1992},
          doi = {10.1093/mnras/sty714},
archivePrefix = {arXiv},
       eprint = {1801.01116},
 primaryClass = {astro-ph.CO},
       adsurl = {https://ui.adsabs.harvard.edu/abs/2018MNRAS.477.1984B},
      adsnote = {Provided by the SAO/NASA Astrophysics Data System}
}

@ARTICLE{Bag:2019,
       author = {{Bag}, Satadru and {Mondal}, Rajesh and {Sarkar}, Prakash and
         {Bharadwaj}, Somnath and {Choudhury}, Tirthankar Roy and {Sahni}, Varun},
        title = "{Studying the morphology of H I isodensity surfaces during reionization using Shapefinders and percolation analysis}",
      journal = {\mnras},
     keywords = {intergalactic medium, dark ages, reionization, first stars, large-scale structure of Universe, cosmology: theory, Astrophysics - Cosmology and Nongalactic Astrophysics},
         year = "2019",
        month = "May",
       volume = {485},
       number = {2},
        pages = {2235-2251},
          doi = {10.1093/mnras/stz532},
archivePrefix = {arXiv},
       eprint = {1809.05520},
 primaryClass = {astro-ph.CO},
       adsurl = {https://ui.adsabs.harvard.edu/abs/2019MNRAS.485.2235B},
      adsnote = {Provided by the SAO/NASA Astrophysics Data System}
}


@ARTICLE{Elbers:2019,
       author = {{Elbers}, Willem and {Weygaert}, Rien van de},
        title = "{Persistent topology of the reionization bubble network - I. Formalism and phenomenology}",
      journal = {\mnras},
     keywords = {intergalactic medium, cosmology: theory, dark ages, reionization, first stars, Astrophysics - Cosmology and Nongalactic Astrophysics},
         year = "2019",
        month = "Jun",
       volume = {486},
       number = {2},
        pages = {1523-1538},
          doi = {10.1093/mnras/stz908},
archivePrefix = {arXiv},
       eprint = {1812.00462},
 primaryClass = {astro-ph.CO},
       adsurl = {https://ui.adsabs.harvard.edu/abs/2019MNRAS.486.1523E},
      adsnote = {Provided by the SAO/NASA Astrophysics Data System}
}

@ARTICLE{Bandyopadhyay:2017,
       author = {{Bandyopadhyay}, Bidisha and {Choudhury}, T. Roy and {Seshadri}, T.~R.},
        title = "{Studying neutral hydrogen structures during the epoch of reionization using fractal dimensions}",
      journal = {\mnras},
     keywords = {galaxies: formation, intergalactic medium, cosmology: theory, dark ages, reionization, first stars, Astrophysics - Cosmology and Nongalactic Astrophysics},
         year = "2017",
        month = "Apr",
       volume = {466},
       number = {2},
        pages = {2302-2311},
          doi = {10.1093/mnras/stw3347},
archivePrefix = {arXiv},
       eprint = {1611.05554},
 primaryClass = {astro-ph.CO},
       adsurl = {https://ui.adsabs.harvard.edu/abs/2017MNRAS.466.2302B},
      adsnote = {Provided by the SAO/NASA Astrophysics Data System}
}

@ARTICLE{Kapahtia:2018,
       author = {{Kapahtia}, Akanksha and {Chingangbam}, Pravabati and
         {Appleby}, Stephen and {Park}, Changbom},
        title = "{A novel probe of ionized bubble shape and size statistics of the epoch of reionization using the contour Minkowski Tensor}",
      journal = {\jcap},
     keywords = {Astrophysics - Cosmology and Nongalactic Astrophysics},
         year = "2018",
        month = "Oct",
       volume = {2018},
       number = {10},
          eid = {011},
        pages = {011},
          doi = {10.1088/1475-7516/2018/10/011},
archivePrefix = {arXiv},
       eprint = {1712.09195},
 primaryClass = {astro-ph.CO},
       adsurl = {https://ui.adsabs.harvard.edu/abs/2018JCAP...10..011K},
      adsnote = {Provided by the SAO/NASA Astrophysics Data System}
}

@ARTICLE{Kapahtia:2019,
       author = {{Kapahtia}, Akanksha and {Chingangbam}, Pravabati and {Appleby}, Stephen},
        title = "{Morphology of 21cm brightness temperature during the Epoch of Reioinization using Contour Minkowski Tensor}",
      journal = {arXiv e-prints},
     keywords = {Astrophysics - Cosmology and Nongalactic Astrophysics},
         year = "2019",
        month = "Apr",
          eid = {arXiv:1904.06840},
        pages = {arXiv:1904.06840},
archivePrefix = {arXiv},
       eprint = {1904.06840},
 primaryClass = {astro-ph.CO},
       adsurl = {https://ui.adsabs.harvard.edu/abs/2019arXiv190406840K},
      adsnote = {Provided by the SAO/NASA Astrophysics Data System}
}

@ARTICLE{Cooray:2008,
       author = {{Cooray}, Asantha and {Li}, Chao and {Melchiorri}, Alessandro},
        title = "{Trispectrum of 21-cm background anisotropies as a probe of primordial non-Gaussianity}",
      journal = {\prd},
     keywords = {98.80.Es, 95.85.Nv, 98.35.Ce, 98.70.Vc, Observational cosmology, X-ray, Mass and mass distribution, Background radiations, Astrophysics},
         year = "2008",
        month = "May",
       volume = {77},
       number = {10},
          eid = {103506},
        pages = {103506},
          doi = {10.1103/PhysRevD.77.103506},
archivePrefix = {arXiv},
       eprint = {0801.3463},
 primaryClass = {astro-ph},
       adsurl = {https://ui.adsabs.harvard.edu/abs/2008PhRvD..77j3506C},
      adsnote = {Provided by the SAO/NASA Astrophysics Data System}
}

@ARTICLE{Kakiichi:2017,
       author = {{Kakiichi}, Koki and {Majumdar}, Suman and {Mellema}, Garrelt and
         {Ciardi}, Benedetta and {Dixon}, Keri L. and {Iliev}, Ilian T. and
         {Jeli{\'c}}, Vibor and {Koopmans}, L{\'e}on V.~E. and
         {Zaroubi}, Saleem and {Busch}, Philipp},
        title = "{Recovering the H II region size statistics from 21-cm tomography}",
      journal = {\mnras},
     keywords = {radiative transfer, methods: data analysis, techniques: image processing, intergalactic medium, dark ages, reionization, first stars, cosmology: theory, Astrophysics - Cosmology and Nongalactic Astrophysics},
         year = "2017",
        month = "Oct",
       volume = {471},
       number = {2},
        pages = {1936-1954},
          doi = {10.1093/mnras/stx1568},
archivePrefix = {arXiv},
       eprint = {1702.02520},
 primaryClass = {astro-ph.CO},
       adsurl = {https://ui.adsabs.harvard.edu/abs/2017MNRAS.471.1936K},
      adsnote = {Provided by the SAO/NASA Astrophysics Data System}
}


@ARTICLE{Giri:2018,
       author = {{Giri}, Sambit K. and {Mellema}, Garrelt and {Ghara}, Raghunath},
        title = "{Optimal identification of H II regions during reionization in 21-cm observations}",
      journal = {\mnras},
     keywords = {methods: statistical, techniques: image processing, techniques: interferometric, dark ages, reionization, first stars, early universe, radio lines: galaxies, Astrophysics - Cosmology and Nongalactic Astrophysics},
         year = "2018",
        month = "Oct",
       volume = {479},
       number = {4},
        pages = {5596-5611},
          doi = {10.1093/mnras/sty1786},
archivePrefix = {arXiv},
       eprint = {1801.06550},
 primaryClass = {astro-ph.CO},
       adsurl = {https://ui.adsabs.harvard.edu/abs/2018MNRAS.479.5596G},
      adsnote = {Provided by the SAO/NASA Astrophysics Data System}
}

@ARTICLE{Geil:2016,
       author = {{Geil}, Paul M. and {Mutch}, Simon J. and {Poole}, Gregory B. and
         {Angel}, Paul W. and {Duffy}, Alan R. and {Mesinger}, Andrei and
         {Wyithe}, J. Stuart B.},
        title = "{Dark-ages reionization and galaxy formation simulation V: morphology and statistical signatures of reionization}",
      journal = {\mnras},
     keywords = {galaxies: high-redshift, intergalactic medium, dark ages, reionization, first stars, Astrophysics - Cosmology and Nongalactic Astrophysics, Astrophysics - Astrophysics of Galaxies},
         year = "2016",
        month = "Oct",
       volume = {462},
       number = {1},
        pages = {804-817},
          doi = {10.1093/mnras/stw1718},
archivePrefix = {arXiv},
       eprint = {1512.00564},
 primaryClass = {astro-ph.CO},
       adsurl = {https://ui.adsabs.harvard.edu/abs/2016MNRAS.462..804G},
      adsnote = {Provided by the SAO/NASA Astrophysics Data System}
}

@ARTICLE{Gillet:2019,
       author = {{Gillet}, Nicolas and {Mesinger}, Andrei and {Greig}, Bradley and
         {Liu}, Adrian and {Ucci}, Graziano},
        title = "{Deep learning from 21-cm tomography of the cosmic dawn and reionization}",
      journal = {\mnras},
     keywords = {galaxies: high-redshift, intergalactic medium, cosmology: theory, dark ages, reionization, first stars, diffuse radiation, early Universe, Astrophysics - Cosmology and Nongalactic Astrophysics},
         year = "2019",
        month = "Mar",
       volume = {484},
       number = {1},
        pages = {282-293},
          doi = {10.1093/mnras/stz010},
archivePrefix = {arXiv},
       eprint = {1805.02699},
 primaryClass = {astro-ph.CO},
       adsurl = {https://ui.adsabs.harvard.edu/abs/2019MNRAS.484..282G},
      adsnote = {Provided by the SAO/NASA Astrophysics Data System}
}

@ARTICLE{Ghara:2016,
       author = {{Ghara}, Raghunath and {Choudhury}, T. Roy and {Datta}, Kanan K.},
        title = "{21-cm signature of the first sources in the Universe: prospects of detection with SKA}",
      journal = {\mnras},
     keywords = {radiative transfer, galaxies: formation, intergalactic medium, cosmology: theory, dark ages, reionization, first stars, X-rays: galaxies, Astrophysics - Cosmology and Nongalactic Astrophysics},
         year = "2016",
        month = "Jul",
       volume = {460},
       number = {1},
        pages = {827-843},
          doi = {10.1093/mnras/stw953},
archivePrefix = {arXiv},
       eprint = {1511.07448},
 primaryClass = {astro-ph.CO},
       adsurl = {https://ui.adsabs.harvard.edu/abs/2016MNRAS.460..827G},
      adsnote = {Provided by the SAO/NASA Astrophysics Data System}
}


@ARTICLE{Ghara:2017,
       author = {{Ghara}, Raghunath and {Choudhury}, T. Roy and {Datta}, Kanan K. and
         {Choudhuri}, Samir},
        title = "{Imaging the redshifted 21 cm pattern around the first sources during the cosmic dawn using the SKA}",
      journal = {\mnras},
     keywords = {radiative transfer, galaxies: formation, intergalactic medium, cosmology: theory, dark ages, reionization, first stars, X-rays: galaxies, Astrophysics - Cosmology and Nongalactic Astrophysics},
         year = "2017",
        month = "Jan",
       volume = {464},
       number = {2},
        pages = {2234-2248},
          doi = {10.1093/mnras/stw2494},
archivePrefix = {arXiv},
       eprint = {1607.02779},
 primaryClass = {astro-ph.CO},
       adsurl = {https://ui.adsabs.harvard.edu/abs/2017MNRAS.464.2234G},
      adsnote = {Provided by the SAO/NASA Astrophysics Data System}
}

@ARTICLE{Hassan:2019a,
       author = {{Hassan}, Sultan and {Liu}, Adrian and {Kohn}, Saul and
         {La Plante}, Paul},
        title = "{Identifying reionization sources from 21 cm maps using Convolutional Neural Networks}",
      journal = {\mnras},
     keywords = {galaxies: active, galaxies: high-redshift, intergalactic mediumb, quasars: general, dark ages, reionization, first stars, Astrophysics - Cosmology and Nongalactic Astrophysics, Astrophysics - Astrophysics of Galaxies},
         year = "2019",
        month = "Feb",
       volume = {483},
       number = {2},
        pages = {2524-2537},
          doi = {10.1093/mnras/sty3282},
archivePrefix = {arXiv},
       eprint = {1807.03317},
 primaryClass = {astro-ph.CO},
       adsurl = {https://ui.adsabs.harvard.edu/abs/2019MNRAS.483.2524H},
      adsnote = {Provided by the SAO/NASA Astrophysics Data System}
}

@ARTICLE{LaPlante:2018,
       author = {{La Plante}, Paul and {Ntampaka}, Michelle},
        title = "{Machine Learning Applied to the Reionization History of the Universe}",
      journal = {arXiv e-prints},
     keywords = {Astrophysics - Cosmology and Nongalactic Astrophysics},
         year = "2018",
        month = "Oct",
          eid = {arXiv:1810.08211},
        pages = {arXiv:1810.08211},
archivePrefix = {arXiv},
       eprint = {1810.08211},
 primaryClass = {astro-ph.CO},
       adsurl = {https://ui.adsabs.harvard.edu/abs/2018arXiv181008211L},
      adsnote = {Provided by the SAO/NASA Astrophysics Data System}
}

@ARTICLE{Hassan:2019b,
       author = {{Hassan}, Sultan and {Andrianomena}, Sambatra and {Doughty}, Caitlin},
        title = "{Constraining the astrophysics and cosmology from 21cm tomography using deep learning with the SKA}",
      journal = {arXiv e-prints},
     keywords = {Astrophysics - Cosmology and Nongalactic Astrophysics, Astrophysics - Astrophysics of Galaxies, Astrophysics - Instrumentation and Methods for Astrophysics},
         year = "2019",
        month = "Jul",
          eid = {arXiv:1907.07787},
        pages = {arXiv:1907.07787},
archivePrefix = {arXiv},
       eprint = {1907.07787},
 primaryClass = {astro-ph.CO},
       adsurl = {https://ui.adsabs.harvard.edu/abs/2019arXiv190707787H},
      adsnote = {Provided by the SAO/NASA Astrophysics Data System}
}

@ARTICLE{Datta:2007,
       author = {{Datta}, Kanan K. and {Bharadwaj}, Somnath and {Choudhury}, T. Roy},
        title = "{Detecting ionized bubbles in redshifted 21-cm maps}",
      journal = {\mnras},
     keywords = {methods: data analysis, cosmology: theory, diffuse radiation, Astrophysics},
         year = "2007",
        month = "Dec",
       volume = {382},
       number = {2},
        pages = {809-818},
          doi = {10.1111/j.1365-2966.2007.12421.x},
archivePrefix = {arXiv},
       eprint = {astro-ph/0703677},
 primaryClass = {astro-ph},
       adsurl = {https://ui.adsabs.harvard.edu/abs/2007MNRAS.382..809D},
      adsnote = {Provided by the SAO/NASA Astrophysics Data System}
}


@ARTICLE{Datta:2008,
       author = {{Datta}, Kanan K. and {Majumdar}, Suman and {Bharadwaj}, Somnath and
         {Choudhury}, T. Roy},
        title = "{Simulating the impact of HI fluctuations on matched filter search for ionized bubbles in redshifted 21-cm maps}",
      journal = {\mnras},
     keywords = {methods: data analysis, cosmology: theory, diffuse radiation, Astrophysics},
         year = "2008",
        month = "Dec",
       volume = {391},
       number = {4},
        pages = {1900-1912},
          doi = {10.1111/j.1365-2966.2008.14008.x},
archivePrefix = {arXiv},
       eprint = {0805.1734},
 primaryClass = {astro-ph},
       adsurl = {https://ui.adsabs.harvard.edu/abs/2008MNRAS.391.1900D},
      adsnote = {Provided by the SAO/NASA Astrophysics Data System}
}

@ARTICLE{Datta:2012,
       author = {{Datta}, Kanan K. and {Friedrich}, Martina M. and {Mellema}, Garrelt and
         {Iliev}, Ilian T. and {Shapiro}, Paul R.},
        title = "{Prospects of observing a quasar H II region during the epoch of reionization with the redshifted 21-cm signal}",
      journal = {\mnras},
     keywords = {radiative transfer, methods: numerical, H II regions, intergalactic medium, quasars: general, dark ages, reionization, first stars, Astrophysics - Cosmology and Nongalactic Astrophysics},
         year = "2012",
        month = "Jul",
       volume = {424},
       number = {1},
        pages = {762-778},
          doi = {10.1111/j.1365-2966.2012.21268.x},
archivePrefix = {arXiv},
       eprint = {1203.0517},
 primaryClass = {astro-ph.CO},
       adsurl = {https://ui.adsabs.harvard.edu/abs/2012MNRAS.424..762D},
      adsnote = {Provided by the SAO/NASA Astrophysics Data System}
}

@ARTICLE{Malloy:2013,
       author = {{Malloy}, Matthew and {Lidz}, Adam},
        title = "{Identifying Ionized Regions in Noisy Redshifted 21 cm Data Sets}",
      journal = {\apj},
     keywords = {cosmology: theory, intergalactic medium, large-scale structure of universe, Astrophysics - Cosmology and Nongalactic Astrophysics},
         year = "2013",
        month = "Apr",
       volume = {767},
       number = {1},
          eid = {68},
        pages = {68},
          doi = {10.1088/0004-637X/767/1/68},
archivePrefix = {arXiv},
       eprint = {1212.2656},
 primaryClass = {astro-ph.CO},
       adsurl = {https://ui.adsabs.harvard.edu/abs/2013ApJ...767...68M},
      adsnote = {Provided by the SAO/NASA Astrophysics Data System}
}

@ARTICLE{Geil:2017,
       author = {{Geil}, Paul M. and {Mutch}, Simon J. and {Poole}, Gregory B. and
         {Duffy}, Alan R. and {Mesinger}, Andrei and {Wyithe}, J. Stuart B.},
        title = "{Dark-ages reionization and galaxy formation simulation - XII. Bubbles at dawn}",
      journal = {\mnras},
     keywords = {galaxies: high-redshift, intergalactic medium, dark ages, reionization, first stars, Astrophysics - Cosmology and Nongalactic Astrophysics, Astrophysics - Astrophysics of Galaxies},
         year = "2017",
        month = "Dec",
       volume = {472},
       number = {2},
        pages = {1324-1335},
          doi = {10.1093/mnras/stx1841},
archivePrefix = {arXiv},
       eprint = {1704.05175},
 primaryClass = {astro-ph.CO},
       adsurl = {https://ui.adsabs.harvard.edu/abs/2017MNRAS.472.1324G},
      adsnote = {Provided by the SAO/NASA Astrophysics Data System}
}

@ARTICLE{Fialkov:2019a,
       author = {{Fialkov}, Anastasia and {Barkana}, Rennan and {Jarvis}, Matt},
        title = "{Extracting the Global Signal from 21-cm Fluctuations: the Multi-Tracer Approach}",
      journal = {arXiv e-prints},
     keywords = {Astrophysics - Cosmology and Nongalactic Astrophysics},
         year = "2019",
        month = "Apr",
          eid = {arXiv:1904.10857},
        pages = {arXiv:1904.10857},
archivePrefix = {arXiv},
       eprint = {1904.10857},
 primaryClass = {astro-ph.CO},
       adsurl = {https://ui.adsabs.harvard.edu/abs/2019arXiv190410857F},
      adsnote = {Provided by the SAO/NASA Astrophysics Data System}
}

@ARTICLE{Furlanetto:2007,
       author = {{Furlanetto}, Steven R. and {Lidz}, Adam},
        title = "{The Cross-Correlation of High-Redshift 21 cm and Galaxy Surveys}",
      journal = {\apj},
     keywords = {Cosmology: Theory, Galaxies: High-Redshift, Galaxies: Intergalactic Medium, Astrophysics},
         year = "2007",
        month = "May",
       volume = {660},
       number = {2},
        pages = {1030-1038},
          doi = {10.1086/513009},
archivePrefix = {arXiv},
       eprint = {astro-ph/0611274},
 primaryClass = {astro-ph},
       adsurl = {https://ui.adsabs.harvard.edu/abs/2007ApJ...660.1030F},
      adsnote = {Provided by the SAO/NASA Astrophysics Data System}
}

@ARTICLE{Beardsley:2015,
       author = {{Beardsley}, A.~P. and {Morales}, M.~F. and {Lidz}, A. and {Malloy}, M. and
         {Sutter}, P.~M.},
        title = "{Adding Context to James Webb Space Telescope Surveys with Current and Future 21 cm Radio Observations}",
      journal = {\apj},
     keywords = {cosmology: observations, dark ages, reionization, first stars, infrared: galaxies, radio lines: galaxies, Astrophysics - Cosmology and Nongalactic Astrophysics},
         year = "2015",
        month = "Feb",
       volume = {800},
       number = {2},
          eid = {128},
        pages = {128},
          doi = {10.1088/0004-637X/800/2/128},
archivePrefix = {arXiv},
       eprint = {1410.5427},
 primaryClass = {astro-ph.CO},
       adsurl = {https://ui.adsabs.harvard.edu/abs/2015ApJ...800..128B},
      adsnote = {Provided by the SAO/NASA Astrophysics Data System}
}

@ARTICLE{Park:2014,
       author = {{Park}, Jaehong and {Kim}, Han-Seek and {Wyithe}, J. Stuart B. and
         {Lacey}, C.~G.},
        title = "{The cross-power spectrum between 21 cm emission and galaxies in hierarchical galaxy formation models}",
      journal = {\mnras},
     keywords = {galaxies: high-redshift, cosmology: theory, dark ages, reionization, first stars, diffuse radiation, Astrophysics - Cosmology and Nongalactic Astrophysics},
         year = "2014",
        month = "Mar",
       volume = {438},
       number = {3},
        pages = {2474-2482},
          doi = {10.1093/mnras/stt2366},
archivePrefix = {arXiv},
       eprint = {1309.3350},
 primaryClass = {astro-ph.CO},
       adsurl = {https://ui.adsabs.harvard.edu/abs/2014MNRAS.438.2474P},
      adsnote = {Provided by the SAO/NASA Astrophysics Data System}
}


@ARTICLE{Wyithe:2007,
       author = {{Wyithe}, J. Stuart B. and {Loeb}, Abraham},
        title = "{The correlation between the distribution of galaxies and 21-cm emission at high redshifts}",
      journal = {\mnras},
     keywords = {galaxies: high-redshift, intergalactic medium, diffuse radiation, large-scale structure of Universe, cosmology: theory, Astrophysics},
         year = "2007",
        month = "Mar",
       volume = {375},
       number = {3},
        pages = {1034-1042},
          doi = {10.1111/j.1365-2966.2007.11366.x},
archivePrefix = {arXiv},
       eprint = {astro-ph/0609734},
 primaryClass = {astro-ph},
       adsurl = {https://ui.adsabs.harvard.edu/abs/2007MNRAS.375.1034W},
      adsnote = {Provided by the SAO/NASA Astrophysics Data System}
}

@ARTICLE{Vrbanec:2016,
       author = {{Vrbanec}, Dijana and {Ciardi}, Benedetta and {Jeli{\'c}}, Vibor and
         {Jensen}, Hannes and {Zaroubi}, Saleem and {Fernandez}, Elizabeth R. and
         {Ghosh}, Abhik and {Iliev}, Ilian T. and {Kakiichi}, Koki and
         {Koopmans}, L{\'e}on V.~E. and {Mellema}, Garrelt},
        title = "{Predictions for the 21 cm-galaxy cross-power spectrum observable with LOFAR and Subaru}",
      journal = {\mnras},
     keywords = {galaxies: high-redshift, intergalactic medium, cosmology: observations, Astrophysics - Cosmology and Nongalactic Astrophysics},
         year = "2016",
        month = "Mar",
       volume = {457},
       number = {1},
        pages = {666-675},
          doi = {10.1093/mnras/stv2993},
archivePrefix = {arXiv},
       eprint = {1509.03464},
 primaryClass = {astro-ph.CO},
       adsurl = {https://ui.adsabs.harvard.edu/abs/2016MNRAS.457..666V},
      adsnote = {Provided by the SAO/NASA Astrophysics Data System}
}

@ARTICLE{Sobacchi:2016,
       author = {{Sobacchi}, Emanuele and {Mesinger}, Andrei and {Greig}, Bradley},
        title = "{Cross-correlation of the cosmic 21-cm signal and Lyman {\ensuremath{\alpha}} emitters during reionization}",
      journal = {\mnras},
     keywords = {galaxies: formation, cosmology: theory, dark ages, reionization, first stars, early Universe, Astrophysics - Cosmology and Nongalactic Astrophysics},
         year = "2016",
        month = "Jul",
       volume = {459},
       number = {3},
        pages = {2741-2750},
          doi = {10.1093/mnras/stw811},
archivePrefix = {arXiv},
       eprint = {1602.04837},
 primaryClass = {astro-ph.CO},
       adsurl = {https://ui.adsabs.harvard.edu/abs/2016MNRAS.459.2741S},
      adsnote = {Provided by the SAO/NASA Astrophysics Data System}
}

@ARTICLE{Kubota:2018,
       author = {{Kubota}, Kenji and {Yoshiura}, Shintaro and {Takahashi}, Keitaro and
         {Hasegawa}, Kenji and {Yajima}, Hidenobu and {Ouchi}, Masami and
         {Pindor}, B. and {Webster}, R.~L.},
        title = "{Detectability of the 21-cm signal during the epoch of reionization with 21-cm Lyman {\ensuremath{\alpha}} emitter cross-correlation - I}",
      journal = {\mnras},
     keywords = {instrumentation: interferometers, methods: statistical, galaxies: high-redshift, dark ages, reionization, first stars, Astrophysics - Cosmology and Nongalactic Astrophysics},
         year = "2018",
        month = "Sep",
       volume = {479},
       number = {2},
        pages = {2754-2766},
          doi = {10.1093/mnras/sty1471},
archivePrefix = {arXiv},
       eprint = {1708.06291},
 primaryClass = {astro-ph.CO},
       adsurl = {https://ui.adsabs.harvard.edu/abs/2018MNRAS.479.2754K},
      adsnote = {Provided by the SAO/NASA Astrophysics Data System}
}

@ARTICLE{Hutter:2017,
       author = {{Hutter}, Anne and {Dayal}, Pratika and {M{\"u}ller}, Volker and
         {Trott}, Cathryn M.},
        title = "{Exploring 21cm-Lyman Alpha Emitter Synergies for SKA}",
      journal = {\apj},
     keywords = {dark ages, reionization, first stars, galaxies: high-redshift, intergalactic medium, dust, extinction, methods: numerical, radiative transfer, Astrophysics - Cosmology and Nongalactic Astrophysics, Astrophysics - Astrophysics of Galaxies},
         year = "2017",
        month = "Feb",
       volume = {836},
       number = {2},
          eid = {176},
        pages = {176},
          doi = {10.3847/1538-4357/836/2/176},
archivePrefix = {arXiv},
       eprint = {1605.01734},
 primaryClass = {astro-ph.CO},
       adsurl = {https://ui.adsabs.harvard.edu/abs/2017ApJ...836..176H},
      adsnote = {Provided by the SAO/NASA Astrophysics Data System}
}


@ARTICLE{Hutter:2018a,
       author = {{Hutter}, Anne and {Trott}, Cathryn M. and {Dayal}, Pratika},
        title = "{Survey parameters for detecting 21-cm-Ly {\ensuremath{\alpha}} emitter cross-correlations with the Square Kilometre Array}",
      journal = {\mnras},
     keywords = {radiative transfer, methods: numerical, galaxies: high-redshift, galaxies: intergalactic medium, cosmology: dark ages, reionization, first stars, Astrophysics - Cosmology and Nongalactic Astrophysics, Astrophysics - Astrophysics of Galaxies},
         year = "2018",
        month = "Sep",
       volume = {479},
       number = {1},
        pages = {L129-L133},
          doi = {10.1093/mnrasl/sly115},
archivePrefix = {arXiv},
       eprint = {1806.07902},
 primaryClass = {astro-ph.CO},
       adsurl = {https://ui.adsabs.harvard.edu/abs/2018MNRAS.479L.129H},
      adsnote = {Provided by the SAO/NASA Astrophysics Data System}
}

@ARTICLE{Heneka:2017,
       author = {{Heneka}, Caroline and {Cooray}, Asantha and {Feng}, Chang},
        title = "{Probing the Intergalactic Medium with Ly{\ensuremath{\alpha}} and 21 cm Fluctuations}",
      journal = {\apj},
     keywords = {cosmology: theory, dark ages, reionization, first stars, diffuse radiation, intergalactic medium, large-scale structure of universe, Astrophysics - Cosmology and Nongalactic Astrophysics},
         year = "2017",
        month = "Oct",
       volume = {848},
       number = {1},
          eid = {52},
        pages = {52},
          doi = {10.3847/1538-4357/aa8eed},
archivePrefix = {arXiv},
       eprint = {1611.09682},
 primaryClass = {astro-ph.CO},
       adsurl = {https://ui.adsabs.harvard.edu/abs/2017ApJ...848...52H},
      adsnote = {Provided by the SAO/NASA Astrophysics Data System}
}

@ARTICLE{Wiersma:2013,
       author = {{Wiersma}, R.~P.~C. and {Ciardi}, B. and {Thomas}, R.~M. and
         {Harker}, G.~J.~A. and {Zaroubi}, S. and {Bernardi}, G. and
         {Brentjens}, M. and {de Bruyn}, A.~G. and {Daiboo}, S. and {Jelic}, V. and
         {Kazemi}, S. and {Koopmans}, L.~V.~E. and {Labropoulos}, P. and
         {Martinez}, O. and {Mellema}, G. and {Offringa}, A. and {Pand
        ey}, V.~N. and {Schaye}, J. and {Veligatla}, V. and {Vedantham}, H. and
         {Yatawatta}, S.},
        title = "{LOFAR insights into the epoch of reionization from the cross-power spectrum of 21 cm emission and galaxies}",
      journal = {\mnras},
     keywords = {galaxies: formation, intergalactic medium, cosmology: observations, dark ages, reionization, first stars, Astrophysics - Cosmology and Nongalactic Astrophysics},
         year = "2013",
        month = "Jul",
       volume = {432},
       number = {3},
        pages = {2615-2624},
          doi = {10.1093/mnras/stt624},
archivePrefix = {arXiv},
       eprint = {1209.5727},
 primaryClass = {astro-ph.CO},
       adsurl = {https://ui.adsabs.harvard.edu/abs/2013MNRAS.432.2615W},
      adsnote = {Provided by the SAO/NASA Astrophysics Data System}
}

@ARTICLE{Gorce:2019,
       author = {{Gorce}, Ad{\'e}lie and {Pritchard}, Jonathan R.},
        title = "{Studying the morphology of reionisation with the triangle correlation function of phases}",
      journal = {arXiv e-prints},
     keywords = {Astrophysics - Cosmology and Nongalactic Astrophysics, Astrophysics - Instrumentation and Methods for Astrophysics},
         year = "2019",
        month = "Mar",
          eid = {arXiv:1903.11402},
        pages = {arXiv:1903.11402},
archivePrefix = {arXiv},
       eprint = {1903.11402},
 primaryClass = {astro-ph.CO},
       adsurl = {https://ui.adsabs.harvard.edu/abs/2019arXiv190311402G},
      adsnote = {Provided by the SAO/NASA Astrophysics Data System}
}

@ARTICLE{Obreschkow:2013,
       author = {{Obreschkow}, D. and {Power}, C. and {Bruderer}, M. and {Bonvin}, C.},
        title = "{A Robust Measure of Cosmic Structure beyond the Power Spectrum: Cosmic Filaments and the Temperature of Dark Matter}",
      journal = {\apj},
     keywords = {cosmology: theory, dark matter, large-scale structure of universe, Astrophysics - Cosmology and Extragalactic Astrophysics, Physics - Data Analysis, Statistics and Probability},
         year = "2013",
        month = "Jan",
       volume = {762},
       number = {2},
          eid = {115},
        pages = {115},
          doi = {10.1088/0004-637X/762/2/115},
archivePrefix = {arXiv},
       eprint = {1211.5213},
 primaryClass = {astro-ph.CO},
       adsurl = {https://ui.adsabs.harvard.edu/abs/2013ApJ...762..115O},
      adsnote = {Provided by the SAO/NASA Astrophysics Data System}
}

@ARTICLE{Ocvirk:2018,
       author = {{Ocvirk}, Pierre and {Aubert}, Dominique and {Sorce}, Jenny G. and
         {Shapiro}, Paul R. and {Deparis}, Nicolas and {Dawoodbhoy}, Taha and
         {Lewis}, Joseph and {Teyssier}, Romain and {Yepes}, Gustavo and
         {Gottl{\"o}ber}, Stefan and {Ahn}, Kyungjin and {Iliev}, Ilian T. and
         {Hoffman}, Yehuda},
        title = "{Cosmic Dawn II (CoDa II): a new radiation-hydrodynamics simulation of the self-consistent coupling of galaxy formation and reionization}",
      journal = {arXiv e-prints},
     keywords = {Astrophysics - Astrophysics of Galaxies, Astrophysics - Cosmology and Nongalactic Astrophysics},
         year = "2018",
        month = "Nov",
          eid = {arXiv:1811.11192},
        pages = {arXiv:1811.11192},
archivePrefix = {arXiv},
       eprint = {1811.11192},
 primaryClass = {astro-ph.GA},
       adsurl = {https://ui.adsabs.harvard.edu/abs/2018arXiv181111192O},
      adsnote = {Provided by the SAO/NASA Astrophysics Data System}
}

@ARTICLE{Ocvirk:2016,
       author = {{Ocvirk}, Pierre and {Gillet}, Nicolas and {Shapiro}, Paul R. and
         {Aubert}, Dominique and {Iliev}, Ilian T. and {Teyssier}, Romain and
         {Yepes}, Gustavo and {Choi}, Jun-Hwan and {Sullivan}, David and
         {Knebe}, Alexander and {Gottl{\"o}ber}, Stefan and {D'Aloisio}, Anson and
         {Park}, Hyunbae and {Hoffman}, Yehuda and {Stranex}, Timothy},
        title = "{Cosmic Dawn (CoDa): the First Radiation-Hydrodynamics Simulation of Reionization and Galaxy Formation in the Local Universe}",
      journal = {\mnras},
     keywords = {reionization, intergalactic medium, galaxies: formation, high redshift, luminosity function, Local Group, radiative transfer, methods: numerical, Astrophysics - Astrophysics of Galaxies, Astrophysics - Cosmology and Nongalactic Astrophysics},
         year = "2016",
        month = "Dec",
       volume = {463},
       number = {2},
        pages = {1462-1485},
          doi = {10.1093/mnras/stw2036},
archivePrefix = {arXiv},
       eprint = {1511.00011},
 primaryClass = {astro-ph.GA},
       adsurl = {https://ui.adsabs.harvard.edu/abs/2016MNRAS.463.1462O},
      adsnote = {Provided by the SAO/NASA Astrophysics Data System}
}

@ARTICLE{Rosdahl:2018,
       author = {{Rosdahl}, Joakim and {Katz}, Harley and {Blaizot}, J{\'e}r{\'e}my and
         {Kimm}, Taysun and {Michel-Dansac}, L{\'e}o and {Garel}, Thibault and
         {Haehnelt}, Martin and {Ocvirk}, Pierre and {Teyssier}, Romain},
        title = "{The SPHINX cosmological simulations of the first billion years: the impact of binary stars on reionization}",
      journal = {\mnras},
     keywords = {methods: numerical, galaxies: high-redshift, dark ages, reionization, first stars, early Universe, Astrophysics - Astrophysics of Galaxies},
         year = "2018",
        month = "Sep",
       volume = {479},
       number = {1},
        pages = {994-1016},
          doi = {10.1093/mnras/sty1655},
archivePrefix = {arXiv},
       eprint = {1801.07259},
 primaryClass = {astro-ph.GA},
       adsurl = {https://ui.adsabs.harvard.edu/abs/2018MNRAS.479..994R},
      adsnote = {Provided by the SAO/NASA Astrophysics Data System}
}

@ARTICLE{Pawlik:2017,
       author = {{Pawlik}, Andreas H. and {Rahmati}, Alireza and {Schaye}, Joop and
         {Jeon}, Myoungwon and {Dalla Vecchia}, Claudio},
        title = "{The Aurora radiation-hydrodynamical simulations of reionization: calibration and first results}",
      journal = {\mnras},
     keywords = {radiative transfer, methods: numerical, H II regions, galaxies: high-redshift, intergalactic medium, dark ages, reionization, first stars, Astrophysics - Astrophysics of Galaxies},
         year = "2017",
        month = "Apr",
       volume = {466},
       number = {1},
        pages = {960-973},
          doi = {10.1093/mnras/stw2869},
archivePrefix = {arXiv},
       eprint = {1603.00034},
 primaryClass = {astro-ph.GA},
       adsurl = {https://ui.adsabs.harvard.edu/abs/2017MNRAS.466..960P},
      adsnote = {Provided by the SAO/NASA Astrophysics Data System}
}

@ARTICLE{Gnedin:2014,
       author = {{Gnedin}, Nickolay Y.},
        title = "{Cosmic Reionization on Computers. I. Design and Calibration of Simulations}",
      journal = {\apj},
     keywords = {cosmology: theory, galaxies: formation, intergalactic medium, large-scale structure of universe, methods: numerical, Astrophysics - Cosmology and Nongalactic Astrophysics},
         year = "2014",
        month = "Sep",
       volume = {793},
       number = {1},
          eid = {29},
        pages = {29},
          doi = {10.1088/0004-637X/793/1/29},
archivePrefix = {arXiv},
       eprint = {1403.4245},
 primaryClass = {astro-ph.CO},
       adsurl = {https://ui.adsabs.harvard.edu/abs/2014ApJ...793...29G},
      adsnote = {Provided by the SAO/NASA Astrophysics Data System}
}

@ARTICLE{OShea:2015,
       author = {{O'Shea}, Brian W. and {Wise}, John H. and {Xu}, Hao and
         {Norman}, Michael L.},
        title = "{Probing the Ultraviolet Luminosity Function of the Earliest Galaxies with the Renaissance Simulations}",
      journal = {\apjl},
     keywords = {galaxies: evolution, galaxies: formation, galaxies: high-redshift, Astrophysics - Astrophysics of Galaxies},
         year = "2015",
        month = "Jul",
       volume = {807},
       number = {1},
          eid = {L12},
        pages = {L12},
          doi = {10.1088/2041-8205/807/1/L12},
archivePrefix = {arXiv},
       eprint = {1503.01110},
 primaryClass = {astro-ph.GA},
       adsurl = {https://ui.adsabs.harvard.edu/abs/2015ApJ...807L..12O},
      adsnote = {Provided by the SAO/NASA Astrophysics Data System}
}

@ARTICLE{Finlator:2011,
       author = {{Finlator}, K. and {Dav{\'e}}, R. and {{\"O}zel}, F.},
        title = "{Galactic Outflows and Photoionization Heating in the Reionization Epoch}",
      journal = {\apj},
     keywords = {dark ages, reionization, first stars, galaxies: evolution, galaxies: high-redshift, galaxies: photometry, galaxies: star formation, radiative transfer, Astrophysics - Cosmology and Nongalactic Astrophysics},
         year = "2011",
        month = "Dec",
       volume = {743},
       number = {2},
          eid = {169},
        pages = {169},
          doi = {10.1088/0004-637X/743/2/169},
archivePrefix = {arXiv},
       eprint = {1106.4321},
 primaryClass = {astro-ph.CO},
       adsurl = {https://ui.adsabs.harvard.edu/abs/2011ApJ...743..169F},
      adsnote = {Provided by the SAO/NASA Astrophysics Data System}
}

@ARTICLE{Wise:2014,
       author = {{Wise}, John H. and {Demchenko}, Vasiliy G. and {Halicek}, Martin T. and
         {Norman}, Michael L. and {Turk}, Matthew J. and {Abel}, Tom and
         {Smith}, Britton D.},
        title = "{The birth of a galaxy - III. Propelling reionization with the faintest galaxies}",
      journal = {\mnras},
     keywords = {radiative transfer, methods: numerical, galaxies: dwarf, galaxies: formation, galaxies: high-redshift, dark ages, reionization, first stars, Astrophysics - Cosmology and Nongalactic Astrophysics, Astrophysics - Astrophysics of Galaxies},
         year = "2014",
        month = "Aug",
       volume = {442},
       number = {3},
        pages = {2560-2579},
          doi = {10.1093/mnras/stu979},
archivePrefix = {arXiv},
       eprint = {1403.6123},
 primaryClass = {astro-ph.CO},
       adsurl = {https://ui.adsabs.harvard.edu/abs/2014MNRAS.442.2560W},
      adsnote = {Provided by the SAO/NASA Astrophysics Data System}
}

@ARTICLE{Norman:2015,
       author = {{Norman}, Michael L. and {Reynolds}, Daniel R. and {So}, Geoffrey C. and
         {Harkness}, Robert P. and {Wise}, John H.},
        title = "{Fully Coupled Simulation of Cosmic Reionization. I. Numerical Methods and Tests}",
      journal = {\apjs},
     keywords = {cosmology: theory, methods: numerical, radiative transfer, Astrophysics - Instrumentation and Methods for Astrophysics, Astrophysics - Cosmology and Nongalactic Astrophysics},
         year = "2015",
        month = "Jan",
       volume = {216},
       number = {1},
          eid = {16},
        pages = {16},
          doi = {10.1088/0067-0049/216/1/16},
archivePrefix = {arXiv},
       eprint = {1306.0645},
 primaryClass = {astro-ph.IM},
       adsurl = {https://ui.adsabs.harvard.edu/abs/2015ApJS..216...16N},
      adsnote = {Provided by the SAO/NASA Astrophysics Data System}
}

@ARTICLE{Gnedin:2006,
       author = {{Gnedin}, Nickolay Y. and {Fan}, Xiaohui},
        title = "{Cosmic Reionization Redux}",
      journal = {\apj},
     keywords = {Cosmology: Theory, Galaxies: Formation, Galaxies: Intergalactic Medium, Cosmology: Large-Scale Structure of Universe, Astrophysics},
         year = "2006",
        month = "Sep",
       volume = {648},
       number = {1},
        pages = {1-6},
          doi = {10.1086/505790},
archivePrefix = {arXiv},
       eprint = {astro-ph/0603794},
 primaryClass = {astro-ph},
       adsurl = {https://ui.adsabs.harvard.edu/abs/2006ApJ...648....1G},
      adsnote = {Provided by the SAO/NASA Astrophysics Data System}
}

@ARTICLE{So:2014,
       author = {{So}, Geoffrey C. and {Norman}, Michael L. and {Reynolds}, Daniel R. and
         {Wise}, John H.},
        title = "{Fully Coupled Simulation of Cosmic Reionization. II. Recombinations, Clumping Factors, and the Photon Budget for Reionization}",
      journal = {\apj},
     keywords = {cosmology: theory, intergalactic medium, large-scale structure of universe, Astrophysics - Cosmology and Nongalactic Astrophysics},
         year = "2014",
        month = "Jul",
       volume = {789},
       number = {2},
          eid = {149},
        pages = {149},
          doi = {10.1088/0004-637X/789/2/149},
archivePrefix = {arXiv},
       eprint = {1311.2152},
 primaryClass = {astro-ph.CO},
       adsurl = {https://ui.adsabs.harvard.edu/abs/2014ApJ...789..149S},
      adsnote = {Provided by the SAO/NASA Astrophysics Data System}
}

@ARTICLE{Wu:2019,
       author = {{Wu}, Xiaohan and {Kannan}, Rahul and {Marinacci}, Federico and
         {Vogelsberger}, Mark and {Hernquist}, Lars},
        title = "{Simulating the effect of photoheating feedback during reionization}",
      journal = {\mnras},
     keywords = {radiative transfer, methods: numerical, galaxies: evolution, galaxies: high-redshift, dark ages, reionization, first stars, Astrophysics - Astrophysics of Galaxies, Astrophysics - Cosmology and Nongalactic Astrophysics},
         year = "2019",
        month = "Sep",
       volume = {488},
       number = {1},
        pages = {419-437},
          doi = {10.1093/mnras/stz1726},
archivePrefix = {arXiv},
       eprint = {1903.06167},
 primaryClass = {astro-ph.GA},
       adsurl = {https://ui.adsabs.harvard.edu/abs/2019MNRAS.488..419W},
      adsnote = {Provided by the SAO/NASA Astrophysics Data System}
}



@ARTICLE{Iliev:2014,
       author = {{Iliev}, Ilian T. and {Mellema}, Garrelt and {Ahn}, Kyungjin and
         {Shapiro}, Paul R. and {Mao}, Yi and {Pen}, Ue-Li},
        title = "{Simulating cosmic reionization: how large a volume is large enough?}",
      journal = {\mnras},
     keywords = {radiative transfer, methods: numerical, H II regions, galaxies: high-redshift, intergalactic medium, dark ages, reionization, first stars, Astrophysics - Cosmology and Extragalactic Astrophysics},
         year = "2014",
        month = "Mar",
       volume = {439},
       number = {1},
        pages = {725-743},
          doi = {10.1093/mnras/stt2497},
archivePrefix = {arXiv},
       eprint = {1310.7463},
 primaryClass = {astro-ph.CO},
       adsurl = {https://ui.adsabs.harvard.edu/abs/2014MNRAS.439..725I},
      adsnote = {Provided by the SAO/NASA Astrophysics Data System}
}

@ARTICLE{McQuinn:2007,
       author = {{McQuinn}, Matthew and {Lidz}, Adam and {Zahn}, Oliver and
         {Dutta}, Suvendra and {Hernquist}, Lars and {Zaldarriaga}, Matias},
        title = "{The morphology of HII regions during reionization}",
      journal = {\mnras},
     keywords = {galaxies: formation, intergalactic medium, cosmology: theory, diffuse radiation, large-scale structure of Universe, radio lines: galaxies, Astrophysics},
         year = "2007",
        month = "May",
       volume = {377},
       number = {3},
        pages = {1043-1063},
          doi = {10.1111/j.1365-2966.2007.11489.x},
archivePrefix = {arXiv},
       eprint = {astro-ph/0610094},
 primaryClass = {astro-ph},
       adsurl = {https://ui.adsabs.harvard.edu/abs/2007MNRAS.377.1043M},
      adsnote = {Provided by the SAO/NASA Astrophysics Data System}
}

@ARTICLE{Iliev:2006,
       author = {{Iliev}, I.~T. and {Mellema}, G. and {Pen}, U. -L. and {Merz}, H. and
         {Shapiro}, P.~R. and {Alvarez}, M.~A.},
        title = "{Simulating cosmic reionization at large scales - I. The geometry of reionization}",
      journal = {\mnras},
     keywords = {radiative transfer: methods: numerical: ISM: bubbles: HII regions: galaxies: formation: galaxies: haloes: galaxies: high-redshift: intergalactic medium: cosmology: theory, radiative transfer, methods: numerical, ISM: bubbles, HII regions, galaxies: formation, galaxies: haloes, galaxies: high-redshift, intergalactic medium, cosmology: theory, Astrophysics},
         year = "2006",
        month = "Jul",
       volume = {369},
       number = {4},
        pages = {1625-1638},
          doi = {10.1111/j.1365-2966.2006.10502.x},
archivePrefix = {arXiv},
       eprint = {astro-ph/0512187},
 primaryClass = {astro-ph},
       adsurl = {https://ui.adsabs.harvard.edu/abs/2006MNRAS.369.1625I},
      adsnote = {Provided by the SAO/NASA Astrophysics Data System}
}

@ARTICLE{Trac:2007,
       author = {{Trac}, Hy and {Cen}, Renyue},
        title = "{Radiative Transfer Simulations of Cosmic Reionization. I. Methodology and Initial Results}",
      journal = {\apj},
     keywords = {Cosmology: Theory, Galaxies: Formation, Galaxies: Intergalactic Medium, Cosmology: Large-Scale Structure of Universe, Methods: Numerical, Radiative Transfer, Stars: Formation, Astrophysics},
         year = "2007",
        month = "Dec",
       volume = {671},
       number = {1},
        pages = {1-13},
          doi = {10.1086/522566},
archivePrefix = {arXiv},
       eprint = {astro-ph/0612406},
 primaryClass = {astro-ph},
       adsurl = {https://ui.adsabs.harvard.edu/abs/2007ApJ...671....1T},
      adsnote = {Provided by the SAO/NASA Astrophysics Data System}
}

@ARTICLE{Ciardi:2001,
       author = {{Ciardi}, B. and {Ferrara}, A. and {Marri}, S. and {Raimondo}, G.},
        title = "{Cosmological reionization around the first stars: Monte Carlo radiative transfer}",
      journal = {\mnras},
     keywords = {RADIATIVE TRANSFER, GALAXIES: FORMATION, INTERGALACTIC MEDIUM, COSMOLOGY: THEORY, Astrophysics},
         year = "2001",
        month = "Jun",
       volume = {324},
       number = {2},
        pages = {381-388},
          doi = {10.1046/j.1365-8711.2001.04316.x},
archivePrefix = {arXiv},
       eprint = {astro-ph/0005181},
 primaryClass = {astro-ph},
       adsurl = {https://ui.adsabs.harvard.edu/abs/2001MNRAS.324..381C},
      adsnote = {Provided by the SAO/NASA Astrophysics Data System}
}


@ARTICLE{Ciardi:2012,
       author = {{Ciardi}, B. and {Bolton}, J.~S. and {Maselli}, A. and {Graziani}, L.},
        title = "{The effect of intergalactic helium on hydrogen reionization: implications for the sources of ionizing photons at z\&gt;6}",
      journal = {\mnras},
     keywords = {methods: numerical, intergalactic medium, cosmology: theory, dark ages, reionization, first stars, Astrophysics - Cosmology and Nongalactic Astrophysics},
         year = "2012",
        month = "Jun",
       volume = {423},
       number = {1},
        pages = {558-574},
          doi = {10.1111/j.1365-2966.2012.20902.x},
archivePrefix = {arXiv},
       eprint = {1112.4646},
 primaryClass = {astro-ph.CO},
       adsurl = {https://ui.adsabs.harvard.edu/abs/2012MNRAS.423..558C},
      adsnote = {Provided by the SAO/NASA Astrophysics Data System}
}

@ARTICLE{Dixon:2016,
       author = {{Dixon}, Keri L. and {Iliev}, Ilian T. and {Mellema}, Garrelt and
         {Ahn}, Kyungjin and {Shapiro}, Paul R.},
        title = "{The large-scale observational signatures of low-mass galaxies during reionization}",
      journal = {\mnras},
     keywords = {radiative transfer, galaxies: formation, intergalactic medium, cosmology: theory, large-scale structure of Universe, radio lines: galaxies, Astrophysics - Cosmology and Nongalactic Astrophysics},
         year = "2016",
        month = "Mar",
       volume = {456},
       number = {3},
        pages = {3011-3029},
          doi = {10.1093/mnras/stv2887},
archivePrefix = {arXiv},
       eprint = {1512.03836},
 primaryClass = {astro-ph.CO},
       adsurl = {https://ui.adsabs.harvard.edu/abs/2016MNRAS.456.3011D},
      adsnote = {Provided by the SAO/NASA Astrophysics Data System}
}


@ARTICLE{Mesinger:2016,
       author = {{Mesinger}, Andrei and {Greig}, Bradley and {Sobacchi}, Emanuele},
        title = "{The Evolution Of 21 cm Structure (EOS): public, large-scale simulations of Cosmic Dawn and reionization}",
      journal = {\mnras},
     keywords = {galaxies: evolution, intergalactic medium, cosmology: theory, dark ages, reionization, first stars, diffuse radiation, early Universe, Astrophysics - Cosmology and Nongalactic Astrophysics, Astrophysics - Astrophysics of Galaxies},
         year = "2016",
        month = "Jul",
       volume = {459},
       number = {3},
        pages = {2342-2353},
          doi = {10.1093/mnras/stw831},
archivePrefix = {arXiv},
       eprint = {1602.07711},
 primaryClass = {astro-ph.CO},
       adsurl = {https://ui.adsabs.harvard.edu/abs/2016MNRAS.459.2342M},
      adsnote = {Provided by the SAO/NASA Astrophysics Data System}
}

@ARTICLE{Ghara:2015,
       author = {{Ghara}, Raghunath and {Choudhury}, T. Roy and {Datta}, Kanan K.},
        title = "{21 cm signal from cosmic dawn: imprints of spin temperature fluctuations and peculiar velocities}",
      journal = {\mnras},
     keywords = {radiative transfer, galaxies: formation, intergalactic medium, cosmology: theory, dark ages, reionization, first stars, X-rays: galaxies, Astrophysics - Cosmology and Nongalactic Astrophysics},
         year = "2015",
        month = "Feb",
       volume = {447},
       number = {2},
        pages = {1806-1825},
          doi = {10.1093/mnras/stu2512},
archivePrefix = {arXiv},
       eprint = {1406.4157},
 primaryClass = {astro-ph.CO},
       adsurl = {https://ui.adsabs.harvard.edu/abs/2015MNRAS.447.1806G},
      adsnote = {Provided by the SAO/NASA Astrophysics Data System}
}

@ARTICLE{Thomas:2009,
       author = {{Thomas}, Rajat M. and {Zaroubi}, Saleem and {Ciardi}, Benedetta and
         {Pawlik}, Andreas H. and {Labropoulos}, Panagiotis and
         {Jeli{\'c}}, Vibor and {Bernardi}, Gianni and {Brentjens}, Michiel A. and
         {de Bruyn}, A.~G. and {Harker}, Geraint J.~A. and
         {Koopmans}, Leon V.~E. and {Mellema}, Garrelt and {Pandey}, V.~N. and
         {Schaye}, Joop and {Yatawatta}, Sarod},
        title = "{Fast large-scale reionization simulations}",
      journal = {\mnras},
     keywords = {quasars: general, cosmology: observation, cosmology: theory, diffuse radiation, radio lines: general, Astrophysics},
         year = "2009",
        month = "Feb",
       volume = {393},
       number = {1},
        pages = {32-48},
          doi = {10.1111/j.1365-2966.2008.14206.x},
archivePrefix = {arXiv},
       eprint = {0809.1326},
 primaryClass = {astro-ph},
       adsurl = {https://ui.adsabs.harvard.edu/abs/2009MNRAS.393...32T},
      adsnote = {Provided by the SAO/NASA Astrophysics Data System}
}

@ARTICLE{Ghara:2018,
       author = {{Ghara}, Raghunath and {Mellema}, Garrelt and {Giri}, Sambit K. and
         {Choudhury}, T. Roy and {Datta}, Kanan K. and {Majumdar}, Suman},
        title = "{Prediction of the 21-cm signal from reionization: comparison between 3D and 1D radiative transfer schemes}",
      journal = {\mnras},
     keywords = {radiative transfer, galaxies: formation, intergalactic medium, dark ages, reionization, first stars, cosmology: theory, Astrophysics - Cosmology and Nongalactic Astrophysics},
         year = "2018",
        month = "May",
       volume = {476},
       number = {2},
        pages = {1741-1755},
          doi = {10.1093/mnras/sty314},
archivePrefix = {arXiv},
       eprint = {1710.09397},
 primaryClass = {astro-ph.CO},
       adsurl = {https://ui.adsabs.harvard.edu/abs/2018MNRAS.476.1741G},
      adsnote = {Provided by the SAO/NASA Astrophysics Data System}
}

@ARTICLE{Battaglia:2013,
       author = {{Battaglia}, N. and {Trac}, H. and {Cen}, R. and {Loeb}, A.},
        title = "{Reionization on Large Scales. I. A Parametric Model Constructed from Radiation-hydrodynamic Simulations}",
      journal = {\apj},
     keywords = {cosmology: theory, intergalactic medium, large-scale structure of universe, methods: numerical, Astrophysics - Cosmology and Nongalactic Astrophysics},
         year = "2013",
        month = "Oct",
       volume = {776},
       number = {2},
          eid = {81},
        pages = {81},
          doi = {10.1088/0004-637X/776/2/81},
archivePrefix = {arXiv},
       eprint = {1211.2821},
 primaryClass = {astro-ph.CO},
       adsurl = {https://ui.adsabs.harvard.edu/abs/2013ApJ...776...81B},
      adsnote = {Provided by the SAO/NASA Astrophysics Data System}
}


@ARTICLE{Furlanetto:2004,
       author = {{Furlanetto}, Steven R. and {Zaldarriaga}, Matias and {Hernquist}, Lars},
        title = "{The Growth of H II Regions During Reionization}",
      journal = {\apj},
     keywords = {Cosmology: Theory, Cosmology: Diffuse Radiation, ISM: H II Regions, Galaxies: Intergalactic Medium, Astrophysics},
         year = "2004",
        month = "Sep",
       volume = {613},
       number = {1},
        pages = {1-15},
          doi = {10.1086/423025},
archivePrefix = {arXiv},
       eprint = {astro-ph/0403697},
 primaryClass = {astro-ph},
       adsurl = {https://ui.adsabs.harvard.edu/abs/2004ApJ...613....1F},
      adsnote = {Provided by the SAO/NASA Astrophysics Data System}
}

@ARTICLE{Geil:2008,
       author = {{Geil}, Paul M. and {Wyithe}, J. Stuart B.},
        title = "{The impact of a percolating IGM on redshifted 21-cm observations of quasar HII regions}",
      journal = {\mnras},
     keywords = {galaxies: high-redshift, intergalactic medium, cosmology: theory, diffuse radiation, Astrophysics},
         year = "2008",
        month = "May",
       volume = {386},
       number = {3},
        pages = {1683-1694},
          doi = {10.1111/j.1365-2966.2008.13159.x},
archivePrefix = {arXiv},
       eprint = {0708.3716},
 primaryClass = {astro-ph},
       adsurl = {https://ui.adsabs.harvard.edu/abs/2008MNRAS.386.1683G},
      adsnote = {Provided by the SAO/NASA Astrophysics Data System}
}

@ARTICLE{Alvarez:2009,
       author = {{Alvarez}, Marcelo A. and {Busha}, Michael and {Abel}, Tom and
         {Wechsler}, Risa H.},
        title = "{Connecting Reionization to the Local Universe}",
      journal = {\apjl},
     keywords = {cosmology: theory, galaxies: formation, intergalactic medium, Astrophysics},
         year = "2009",
        month = "Oct",
       volume = {703},
       number = {2},
        pages = {L167-L171},
          doi = {10.1088/0004-637X/703/2/L167},
archivePrefix = {arXiv},
       eprint = {0812.3405},
 primaryClass = {astro-ph},
       adsurl = {https://ui.adsabs.harvard.edu/abs/2009ApJ...703L.167A},
      adsnote = {Provided by the SAO/NASA Astrophysics Data System}
}

@ARTICLE{Mesinger:2007,
       author = {{Mesinger}, Andrei and {Furlanetto}, Steven},
        title = "{Efficient Simulations of Early Structure Formation and Reionization}",
      journal = {\apj},
     keywords = {Cosmology: Theory, Cosmology: Early Universe, Galaxies: Evolution, Galaxies: Formation, Galaxies: High-Redshift, Astrophysics},
         year = "2007",
        month = "Nov",
       volume = {669},
       number = {2},
        pages = {663-675},
          doi = {10.1086/521806},
archivePrefix = {arXiv},
       eprint = {0704.0946},
 primaryClass = {astro-ph},
       adsurl = {https://ui.adsabs.harvard.edu/abs/2007ApJ...669..663M},
      adsnote = {Provided by the SAO/NASA Astrophysics Data System}
}

@ARTICLE{Mesinger:2011,
       author = {{Mesinger}, Andrei and {Furlanetto}, Steven and {Cen}, Renyue},
        title = "{21CMFAST: a fast, seminumerical simulation of the high-redshift 21-cm signal}",
      journal = {\mnras},
     keywords = {methods: numerical, galaxies: high redshift, dark ages, reionization, first stars, diffuse radiation, early Universe, large-scale structure of Universe, Astrophysics - Cosmology and Nongalactic Astrophysics},
         year = "2011",
        month = "Feb",
       volume = {411},
       number = {2},
        pages = {955-972},
          doi = {10.1111/j.1365-2966.2010.17731.x},
archivePrefix = {arXiv},
       eprint = {1003.3878},
 primaryClass = {astro-ph.CO},
       adsurl = {https://ui.adsabs.harvard.edu/abs/2011MNRAS.411..955M},
      adsnote = {Provided by the SAO/NASA Astrophysics Data System}
}

@ARTICLE{Santos:2010,
       author = {{Santos}, M.~G. and {Ferramacho}, L. and {Silva}, M.~B. and
         {Amblard}, A. and {Cooray}, A.},
        title = "{Fast large volume simulations of the 21-cm signal from the reionization and pre-reionization epochs}",
      journal = {\mnras},
     keywords = {methods: numerical, cosmology: theory, early Universe, large-scale structure of Universe, Astrophysics - Cosmology and Nongalactic Astrophysics},
         year = "2010",
        month = "Aug",
       volume = {406},
       number = {4},
        pages = {2421-2432},
          doi = {10.1111/j.1365-2966.2010.16898.x},
archivePrefix = {arXiv},
       eprint = {0911.2219},
 primaryClass = {astro-ph.CO},
       adsurl = {https://ui.adsabs.harvard.edu/abs/2010MNRAS.406.2421S},
      adsnote = {Provided by the SAO/NASA Astrophysics Data System}
}

@ARTICLE{Zahn:2007,
       author = {{Zahn}, Oliver and {Lidz}, Adam and {McQuinn}, Matthew and
         {Dutta}, Suvendra and {Hernquist}, Lars and {Zaldarriaga}, Matias and
         {Furlanetto}, Steven R.},
        title = "{Simulations and Analytic Calculations of Bubble Growth during Hydrogen Reionization}",
      journal = {\apj},
     keywords = {Cosmology: Theory, Galaxies: Intergalactic Medium, Cosmology: Large-Scale Structure of Universe, Astrophysics},
         year = "2007",
        month = "Jan",
       volume = {654},
       number = {1},
        pages = {12-26},
          doi = {10.1086/509597},
archivePrefix = {arXiv},
       eprint = {astro-ph/0604177},
 primaryClass = {astro-ph},
       adsurl = {https://ui.adsabs.harvard.edu/abs/2007ApJ...654...12Z},
      adsnote = {Provided by the SAO/NASA Astrophysics Data System}
}

@ARTICLE{Majumdar:2014,
       author = {{Majumdar}, Suman and {Mellema}, Garrelt and {Datta}, Kanan K. and
         {Jensen}, Hannes and {Choudhury}, T. Roy and {Bharadwaj}, Somnath and
         {Friedrich}, Martina M.},
        title = "{On the use of seminumerical simulations in predicting the 21-cm signal from the epoch of reionization}",
      journal = {\mnras},
     keywords = {methods: numerical, methods: statistical, cosmology: theory, dark ages, reionization, first stars, diffuse radiation, Astrophysics - Cosmology and Nongalactic Astrophysics},
         year = "2014",
        month = "Oct",
       volume = {443},
       number = {4},
        pages = {2843-2861},
          doi = {10.1093/mnras/stu1342},
archivePrefix = {arXiv},
       eprint = {1403.0941},
 primaryClass = {astro-ph.CO},
       adsurl = {https://ui.adsabs.harvard.edu/abs/2014MNRAS.443.2843M},
      adsnote = {Provided by the SAO/NASA Astrophysics Data System}
}


@ARTICLE{Choudhury:2009,
       author = {{Choudhury}, Tirthankar Roy and {Haehnelt}, Martin G. and {Regan}, John},
        title = "{Inside-out or outside-in: the topology of reionization in the photon-starved regime suggested by Ly{\ensuremath{\alpha}} forest data}",
      journal = {\mnras},
     keywords = {intergalactic medium, cosmology: theory, large-scale structure of Universe, Astrophysics},
         year = "2009",
        month = "Apr",
       volume = {394},
       number = {2},
        pages = {960-977},
          doi = {10.1111/j.1365-2966.2008.14383.x},
archivePrefix = {arXiv},
       eprint = {0806.1524},
 primaryClass = {astro-ph},
       adsurl = {https://ui.adsabs.harvard.edu/abs/2009MNRAS.394..960C},
      adsnote = {Provided by the SAO/NASA Astrophysics Data System}
}

@ARTICLE{Lidz:2009,
       author = {{Lidz}, Adam and {Zahn}, Oliver and {Furlanetto}, Steven R. and
         {McQuinn}, Matthew and {Hernquist}, Lars and {Zaldarriaga}, Matias},
        title = "{Probing Reionization with the 21 cm Galaxy Cross-Power Spectrum}",
      journal = {\apj},
     keywords = {cosmology: theory, intergalactic medium, large-scale structure of universe, Astrophysics},
         year = "2009",
        month = "Jan",
       volume = {690},
       number = {1},
        pages = {252-266},
          doi = {10.1088/0004-637X/690/1/252},
archivePrefix = {arXiv},
       eprint = {0806.1055},
 primaryClass = {astro-ph},
       adsurl = {https://ui.adsabs.harvard.edu/abs/2009ApJ...690..252L},
      adsnote = {Provided by the SAO/NASA Astrophysics Data System}
}

@ARTICLE{Hassan:2016,
       author = {{Hassan}, Sultan and {Dav{\'e}}, Romeel and {Finlator}, Kristian and
         {Santos}, Mario G.},
        title = "{Simulating the 21 cm signal from reionization including non-linear ionizations and inhomogeneous recombinations}",
      journal = {\mnras},
     keywords = {galaxies: evolution, galaxies: formation, galaxies: high-redshift, cosmology: theory, dark ages, reionization, first stars, early Universe, Astrophysics - Cosmology and Nongalactic Astrophysics},
         year = "2016",
        month = "Apr",
       volume = {457},
       number = {2},
        pages = {1550-1567},
          doi = {10.1093/mnras/stv3001},
archivePrefix = {arXiv},
       eprint = {1510.04280},
 primaryClass = {astro-ph.CO},
       adsurl = {https://ui.adsabs.harvard.edu/abs/2016MNRAS.457.1550H},
      adsnote = {Provided by the SAO/NASA Astrophysics Data System}
}

@ARTICLE{Park:2019,
       author = {{Park}, Jaehong and {Mesinger}, Andrei and {Greig}, Bradley and
         {Gillet}, Nicolas},
        title = "{Inferring the astrophysics of reionization and cosmic dawn from galaxy luminosity functions and the 21-cm signal}",
      journal = {\mnras},
     keywords = {galaxies: high-redshift, intergalactic medium, dark ages, reionization, first stars, diffuse radiation, early Universe, cosmology: theory, Astrophysics - Astrophysics of Galaxies, Astrophysics - Cosmology and Nongalactic Astrophysics},
         year = "2019",
        month = "Mar",
       volume = {484},
       number = {1},
        pages = {933-949},
          doi = {10.1093/mnras/stz032},
archivePrefix = {arXiv},
       eprint = {1809.08995},
 primaryClass = {astro-ph.GA},
       adsurl = {https://ui.adsabs.harvard.edu/abs/2019MNRAS.484..933P},
      adsnote = {Provided by the SAO/NASA Astrophysics Data System}
}

@ARTICLE{Kim:2013,
       author = {{Kim}, Han-Seek and {Wyithe}, J. Stuart B. and {Raskutti}, Sudhir and
         {Lacey}, C.~G. and {Helly}, J.~C.},
        title = "{The structure of reionization in hierarchical galaxy formation models}",
      journal = {\mnras},
     keywords = {Cosmology: theory, dark ages, reionization, first stars, diffuse radiation, Galaxies: high-redshift, Astrophysics - Cosmology and Nongalactic Astrophysics},
         year = "2013",
        month = "Jan",
       volume = {428},
       number = {3},
        pages = {2467-2479},
          doi = {10.1093/mnras/sts206},
archivePrefix = {arXiv},
       eprint = {1203.3598},
 primaryClass = {astro-ph.CO},
       adsurl = {https://ui.adsabs.harvard.edu/abs/2013MNRAS.428.2467K},
      adsnote = {Provided by the SAO/NASA Astrophysics Data System}
}


@ARTICLE{Mutch:2016,
       author = {{Mutch}, Simon J. and {Geil}, Paul M. and {Poole}, Gregory B. and
         {Angel}, Paul W. and {Duffy}, Alan R. and {Mesinger}, Andrei and
         {Wyithe}, J. Stuart B.},
        title = "{Dark-ages reionization and galaxy formation simulation - III. Modelling galaxy formation and the epoch of reionization}",
      journal = {\mnras},
     keywords = {galaxies: formation, galaxies: high redshift, dark ages, reionization, first stars, Astrophysics - Astrophysics of Galaxies},
         year = "2016",
        month = "Oct",
       volume = {462},
       number = {1},
        pages = {250-276},
          doi = {10.1093/mnras/stw1506},
archivePrefix = {arXiv},
       eprint = {1512.00562},
 primaryClass = {astro-ph.GA},
       adsurl = {https://ui.adsabs.harvard.edu/abs/2016MNRAS.462..250M},
      adsnote = {Provided by the SAO/NASA Astrophysics Data System}
}

@ARTICLE{Hutter:2018b,
       author = {{Hutter}, Anne},
        title = "{The accuracy of seminumerical reionization models in comparison with radiative transfer simulations}",
      journal = {\mnras},
     keywords = {radiative transfer, methods: numerical, galaxies: high-redshift, intergalactic medium, dark ages, reionization, first stars, Astrophysics - Cosmology and Nongalactic Astrophysics},
         year = "2018",
        month = "Jun",
       volume = {477},
       number = {2},
        pages = {1549-1566},
          doi = {10.1093/mnras/sty683},
archivePrefix = {arXiv},
       eprint = {1803.00088},
 primaryClass = {astro-ph.CO},
       adsurl = {https://ui.adsabs.harvard.edu/abs/2018MNRAS.477.1549H},
      adsnote = {Provided by the SAO/NASA Astrophysics Data System}
}

@ARTICLE{Fialkov:2014a,
       author = {{Fialkov}, Anastasia and {Barkana}, Rennan and {Visbal}, Eli},
        title = "{The observable signature of late heating of the Universe during cosmic reionization}",
      journal = {\nat},
     keywords = {Astrophysics - Cosmology and Nongalactic Astrophysics},
         year = "2014",
        month = "Feb",
       volume = {506},
       number = {7487},
        pages = {197-199},
          doi = {10.1038/nature12999},
archivePrefix = {arXiv},
       eprint = {1402.0940},
 primaryClass = {astro-ph.CO},
       adsurl = {https://ui.adsabs.harvard.edu/abs/2014Natur.506..197F},
      adsnote = {Provided by the SAO/NASA Astrophysics Data System}
}

@ARTICLE{Visbal:2012,
       author = {{Visbal}, Eli and {Barkana}, Rennan and {Fialkov}, Anastasia and
         {Tseliakhovich}, Dmitriy and {Hirata}, Christopher M.},
        title = "{The signature of the first stars in atomic hydrogen at redshift 20}",
      journal = {\nat},
     keywords = {Astrophysics - Cosmology and Nongalactic Astrophysics},
         year = "2012",
        month = "Jul",
       volume = {487},
       number = {7405},
        pages = {70-73},
          doi = {10.1038/nature11177},
archivePrefix = {arXiv},
       eprint = {1201.1005},
 primaryClass = {astro-ph.CO},
       adsurl = {https://ui.adsabs.harvard.edu/abs/2012Natur.487...70V},
      adsnote = {Provided by the SAO/NASA Astrophysics Data System}
}

@ARTICLE{Choudhury:2015,
   author = {{Choudhury}, T.~R. and {Puchwein}, E. and {Haehnelt}, M.~G. and 
  {Bolton}, J.~S.},
    title = "{Lyman {$\alpha$} emitters gone missing: evidence for late reionization?}",
  journal = {\mnras},
archivePrefix = "arXiv",
   eprint = {1412.4790},
 keywords = {intergalactic medium, cosmology: theory, dark ages, reionization, first stars, large-scale structure of Universe},
     year = 2015,
    month = sep,
   volume = 452,
    pages = {261-277},
      doi = {10.1093/mnras/stv1250},
   adsurl = {https://ui.adsabs.harvard.edu/abs/2015MNRAS.452..261C},
  adsnote = {Provided by the SAO/NASA Astrophysics Data System}
}

@ARTICLE{Kulkarni:2016,
   author = {{Kulkarni}, G. and {Choudhury}, T.~R. and {Puchwein}, E. and 
  {Haehnelt}, M.~G.},
    title = "{Models of the cosmological 21 cm signal from the epoch of reionization calibrated with Ly {$\alpha$} and CMB data}",
  journal = {\mnras},
archivePrefix = "arXiv",
   eprint = {1607.03891},
 keywords = {galaxies: high-redshift, intergalactic medium, dark ages, reionization, first stars},
     year = 2016,
    month = dec,
   volume = 463,
    pages = {2583-2599},
      doi = {10.1093/mnras/stw2168},
   adsurl = {https://ui.adsabs.harvard.edu/abs/2016MNRAS.463.2583K},
  adsnote = {Provided by the SAO/NASA Astrophysics Data System}
}

@ARTICLE{Paranjape:2014,
       author = {{Paranjape}, Aseem and {Choudhury}, T. Roy},
        title = "{An improved model of H II bubbles during the epoch of reionization}",
      journal = {\mnras},
     keywords = {intergalactic medium, cosmology: theory, dark ages, reionization, first stars, large-scale structure of Universe, Astrophysics - Cosmology and Nongalactic Astrophysics},
         year = "2014",
        month = "Aug",
       volume = {442},
       number = {2},
        pages = {1470-1482},
          doi = {10.1093/mnras/stu911},
archivePrefix = {arXiv},
       eprint = {1401.7994},
 primaryClass = {astro-ph.CO},
       adsurl = {https://ui.adsabs.harvard.edu/abs/2014MNRAS.442.1470P},
      adsnote = {Provided by the SAO/NASA Astrophysics Data System}
}

@ARTICLE{Mirocha:2018,
       author = {{Mirocha}, Jordan and {Mebane}, Richard H. and {Furlanetto}, Steven R. and
         {Singal}, Krishma and {Trinh}, Donald},
        title = "{Unique signatures of Population III stars in the global 21-cm signal}",
      journal = {\mnras},
     keywords = {galaxies: high-redshift, intergalactic medium, galaxies: luminosity function, mass function, dark ages, reionization, first stars, diffuse radiation, Astrophysics - Astrophysics of Galaxies, Astrophysics - Cosmology and Nongalactic Astrophysics},
         year = "2018",
        month = "Aug",
       volume = {478},
       number = {4},
        pages = {5591-5606},
          doi = {10.1093/mnras/sty1388},
archivePrefix = {arXiv},
       eprint = {1710.02530},
 primaryClass = {astro-ph.GA},
       adsurl = {https://ui.adsabs.harvard.edu/abs/2018MNRAS.478.5591M},
      adsnote = {Provided by the SAO/NASA Astrophysics Data System}
}

@ARTICLE{Mirocha:2017,
       author = {{Mirocha}, Jordan and {Furlanetto}, Steven R. and {Sun}, Guochao},
        title = "{The global 21-cm signal in the context of the high- z galaxy luminosity function}",
      journal = {\mnras},
     keywords = {galaxies: high-redshift, intergalactic medium, galaxies: luminosity function, mass function, dark ages, reionization, first stars, diffuse radiation, Astrophysics - Astrophysics of Galaxies},
         year = "2017",
        month = "Jan",
       volume = {464},
       number = {2},
        pages = {1365-1379},
          doi = {10.1093/mnras/stw2412},
archivePrefix = {arXiv},
       eprint = {1607.00386},
 primaryClass = {astro-ph.GA},
       adsurl = {https://ui.adsabs.harvard.edu/abs/2017MNRAS.464.1365M},
      adsnote = {Provided by the SAO/NASA Astrophysics Data System}
}

@ARTICLE{Mirocha:2014,
       author = {{Mirocha}, Jordan},
        title = "{Decoding the X-ray properties of pre-reionization era sources}",
      journal = {\mnras},
     keywords = {methods: numerical, dark ages, reionization, first stars, diffuse radiation, X-rays: binaries, X-rays: diffuse background, Astrophysics - Astrophysics of Galaxies, Astrophysics - High Energy Astrophysical Phenomena},
         year = "2014",
        month = "Sep",
       volume = {443},
       number = {2},
        pages = {1211-1223},
          doi = {10.1093/mnras/stu1193},
archivePrefix = {arXiv},
       eprint = {1406.4120},
 primaryClass = {astro-ph.GA},
       adsurl = {https://ui.adsabs.harvard.edu/abs/2014MNRAS.443.1211M},
      adsnote = {Provided by the SAO/NASA Astrophysics Data System}
}

@ARTICLE{McQuinn:2005,
       author = {{McQuinn}, Matthew and {Furlanetto}, Steven R. and {Hernquist}, Lars and
         {Zahn}, Oliver and {Zaldarriaga}, Matias},
        title = "{The Kinetic Sunyaev-Zel'dovich Effect from Reionization}",
      journal = {\apj},
     keywords = {Cosmology: Cosmic Microwave Background, Cosmology: Theory, Galaxies: Intergalactic Medium, Astrophysics},
         year = "2005",
        month = "Sep",
       volume = {630},
       number = {2},
        pages = {643-656},
          doi = {10.1086/432049},
archivePrefix = {arXiv},
       eprint = {astro-ph/0504189},
 primaryClass = {astro-ph},
       adsurl = {https://ui.adsabs.harvard.edu/abs/2005ApJ...630..643M},
      adsnote = {Provided by the SAO/NASA Astrophysics Data System}
}



@ARTICLE{McQuinn:2006,
       author = {{McQuinn}, Matthew and {Zahn}, Oliver and {Zaldarriaga}, Matias and
         {Hernquist}, Lars and {Furlanetto}, Steven R.},
        title = "{Cosmological Parameter Estimation Using 21 cm Radiation from the Epoch of Reionization}",
      journal = {\apj},
     keywords = {Cosmology: Theory, Galaxies: Intergalactic Medium, Radio Lines: General, Astrophysics},
         year = "2006",
        month = "Dec",
       volume = {653},
       number = {2},
        pages = {815-834},
          doi = {10.1086/505167},
archivePrefix = {arXiv},
       eprint = {astro-ph/0512263},
 primaryClass = {astro-ph},
       adsurl = {https://ui.adsabs.harvard.edu/abs/2006ApJ...653..815M},
      adsnote = {Provided by the SAO/NASA Astrophysics Data System}
}

@ARTICLE{Kim:2016,
       author = {{Kim}, Han-Seek and {Wyithe}, J. Stuart B. and {Park}, Jaehong and
         {Poole}, Gregory B. and {Lacey}, C.~G. and {Baugh}, C.~M.},
        title = "{A hybrid multiresolution scheme to efficiently model the structure of reionization on the largest scales}",
      journal = {\mnras},
     keywords = {galaxies: high-redshift, cosmology: theory, dark ages, reionization, first stars, diffuse radiation, Astrophysics - Astrophysics of Galaxies, Astrophysics - Cosmology and Nongalactic Astrophysics},
         year = "2016",
        month = "Feb",
       volume = {455},
       number = {4},
        pages = {4498-4511},
          doi = {10.1093/mnras/stv2623},
archivePrefix = {arXiv},
       eprint = {1511.03052},
 primaryClass = {astro-ph.GA},
       adsurl = {https://ui.adsabs.harvard.edu/abs/2016MNRAS.455.4498K},
      adsnote = {Provided by the SAO/NASA Astrophysics Data System}
}

@ARTICLE{Mitra:2018,
       author = {{Mitra}, Sourav and {Choudhury}, Tirthankar Roy and {Ratra}, Bharat},
        title = "{First study of reionization in the Planck 2015 normalized closed {\ensuremath{\Lambda}}CDM inflation model}",
      journal = {\mnras},
     keywords = {galaxies: high-redshift, intergalactic medium, quasars: general, dark ages, reionization, first stars, inflation, large-scale structure of Universe, Astrophysics - Cosmology and Nongalactic Astrophysics, General Relativity and Quantum Cosmology, High Energy Physics - Phenomenology, High Energy Physics - Theory},
         year = "2018",
        month = "Oct",
       volume = {479},
       number = {4},
        pages = {4566-4576},
          doi = {10.1093/mnras/sty1835},
archivePrefix = {arXiv},
       eprint = {1712.00018},
 primaryClass = {astro-ph.CO},
       adsurl = {https://ui.adsabs.harvard.edu/abs/2018MNRAS.479.4566M},
      adsnote = {Provided by the SAO/NASA Astrophysics Data System}
}

@ARTICLE{Choudhury:2005,
       author = {{Choudhury}, T. Roy and {Ferrara}, A.},
        title = "{Experimental constraints on self-consistent reionization models}",
      journal = {\mnras},
     keywords = {intergalactic medium, cosmology: theory, large-scale structure of Universe, Astrophysics},
         year = "2005",
        month = "Aug",
       volume = {361},
       number = {2},
        pages = {577-594},
          doi = {10.1111/j.1365-2966.2005.09196.x},
archivePrefix = {arXiv},
       eprint = {astro-ph/0411027},
 primaryClass = {astro-ph},
       adsurl = {https://ui.adsabs.harvard.edu/abs/2005MNRAS.361..577C},
      adsnote = {Provided by the SAO/NASA Astrophysics Data System}
}

@ARTICLE{Choudhury:2006,
       author = {{Choudhury}, T. Roy and {Ferrara}, A.},
        title = "{Updating reionization scenarios after recent data}",
      journal = {\mnras},
     keywords = {intergalactic medium: cosmology: theory: large-scale structure of Universe, intergalactic medium, cosmology: theory, large-scale structure of Universe, Astrophysics},
         year = "2006",
        month = "Sep",
       volume = {371},
       number = {1},
        pages = {L55-L59},
          doi = {10.1111/j.1745-3933.2006.00207.x},
archivePrefix = {arXiv},
       eprint = {astro-ph/0603617},
 primaryClass = {astro-ph},
       adsurl = {https://ui.adsabs.harvard.edu/abs/2006MNRAS.371L..55C},
      adsnote = {Provided by the SAO/NASA Astrophysics Data System}
}

@ARTICLE{Madau:2017,
       author = {{Madau}, Piero},
        title = "{Cosmic Reionization after Planck and before JWST: An Analytic Approach}",
      journal = {\apj},
     keywords = {cosmology: theory, dark ages, reionization, first stars, Astrophysics - Astrophysics of Galaxies, Astrophysics - Cosmology and Nongalactic Astrophysics},
         year = "2017",
        month = "Dec",
       volume = {851},
       number = {1},
          eid = {50},
        pages = {50},
          doi = {10.3847/1538-4357/aa9715},
archivePrefix = {arXiv},
       eprint = {1710.07636},
 primaryClass = {astro-ph.GA},
       adsurl = {https://ui.adsabs.harvard.edu/abs/2017ApJ...851...50M},
      adsnote = {Provided by the SAO/NASA Astrophysics Data System}
}

@ARTICLE{Haardt:2012,
       author = {{Haardt}, Francesco and {Madau}, Piero},
        title = "{Radiative Transfer in a Clumpy Universe. IV. New Synthesis Models of the Cosmic UV/X-Ray Background}",
      journal = {\apj},
     keywords = {cosmology: theory, diffuse radiation, intergalactic medium, galaxies: evolution, quasars: general, Astrophysics - Cosmology and Nongalactic Astrophysics},
         year = "2012",
        month = "Feb",
       volume = {746},
       number = {2},
          eid = {125},
        pages = {125},
          doi = {10.1088/0004-637X/746/2/125},
archivePrefix = {arXiv},
       eprint = {1105.2039},
 primaryClass = {astro-ph.CO},
       adsurl = {https://ui.adsabs.harvard.edu/abs/2012ApJ...746..125H},
      adsnote = {Provided by the SAO/NASA Astrophysics Data System}
}

@ARTICLE{Khaire:2016,
       author = {{Khaire}, Vikram and {Srianand}, Raghunathan and
         {Choudhury}, Tirthankar Roy and {Gaikwad}, Prakash},
        title = "{The redshift evolution of escape fraction of hydrogen ionizing photons from galaxies}",
      journal = {\mnras},
     keywords = {galaxies: evolution, intergalactic medium, quasars: general, diffuse radiation, Astrophysics - Cosmology and Nongalactic Astrophysics, Astrophysics - Astrophysics of Galaxies},
         year = "2016",
        month = "Apr",
       volume = {457},
       number = {4},
        pages = {4051-4062},
          doi = {10.1093/mnras/stw192},
archivePrefix = {arXiv},
       eprint = {1510.04700},
 primaryClass = {astro-ph.CO},
       adsurl = {https://ui.adsabs.harvard.edu/abs/2016MNRAS.457.4051K},
      adsnote = {Provided by the SAO/NASA Astrophysics Data System}
}

@ARTICLE{Kuhlen:2012,
       author = {{Kuhlen}, Michael and {Faucher-Gigu{\`e}re}, Claude-Andr{\'e}},
        title = "{Concordance models of reionization: implications for faint galaxies and escape fraction evolution}",
      journal = {\mnras},
     keywords = {galaxies: dwarf, galaxies: formation, galaxies: high-redshift, intergalactic medium, cosmology: theory, dark ages, reionization, first stars, Astrophysics - Cosmology and Nongalactic Astrophysics, Astrophysics - Astrophysics of Galaxies},
         year = "2012",
        month = "Jun",
       volume = {423},
       number = {1},
        pages = {862-876},
          doi = {10.1111/j.1365-2966.2012.20924.x},
archivePrefix = {arXiv},
       eprint = {1201.0757},
 primaryClass = {astro-ph.CO},
       adsurl = {https://ui.adsabs.harvard.edu/abs/2012MNRAS.423..862K},
      adsnote = {Provided by the SAO/NASA Astrophysics Data System}
}

@ARTICLE{Bouwens:2015,
       author = {{Bouwens}, R.~J. and {Illingworth}, G.~D. and {Oesch}, P.~A. and
         {Caruana}, J. and {Holwerda}, B. and {Smit}, R. and {Wilkins}, S.},
        title = "{Reionization After Planck: The Derived Growth of the Cosmic Ionizing Emissivity Now Matches the Growth of the Galaxy UV Luminosity Density}",
      journal = {\apj},
     keywords = {galaxies: evolution, galaxies: high-redshift, Astrophysics - Cosmology and Nongalactic Astrophysics, Astrophysics - Astrophysics of Galaxies},
         year = "2015",
        month = "Oct",
       volume = {811},
       number = {2},
          eid = {140},
        pages = {140},
          doi = {10.1088/0004-637X/811/2/140},
archivePrefix = {arXiv},
       eprint = {1503.08228},
 primaryClass = {astro-ph.CO},
       adsurl = {https://ui.adsabs.harvard.edu/abs/2015ApJ...811..140B},
      adsnote = {Provided by the SAO/NASA Astrophysics Data System}
}

@ARTICLE{Robertson:2015,
       author = {{Robertson}, Brant E. and {Ellis}, Richard S. and
         {Furlanetto}, Steven R. and {Dunlop}, James S.},
        title = "{Cosmic Reionization and Early Star-forming Galaxies: A Joint Analysis of New Constraints from Planck and the Hubble Space Telescope}",
      journal = {\apjl},
     keywords = {galaxies: high-redshift, Astrophysics - Cosmology and Nongalactic Astrophysics, Astrophysics - Astrophysics of Galaxies},
         year = "2015",
        month = "Apr",
       volume = {802},
       number = {2},
          eid = {L19},
        pages = {L19},
          doi = {10.1088/2041-8205/802/2/L19},
archivePrefix = {arXiv},
       eprint = {1502.02024},
 primaryClass = {astro-ph.CO},
       adsurl = {https://ui.adsabs.harvard.edu/abs/2015ApJ...802L..19R},
      adsnote = {Provided by the SAO/NASA Astrophysics Data System}
}

@ARTICLE{Madau:2015,
       author = {{Madau}, Piero and {Haardt}, Francesco},
        title = "{Cosmic Reionization after Planck: Could Quasars Do It All?}",
      journal = {\apjl},
     keywords = {cosmology: theory, dark ages, reionization, first stars, diffuse radiation, galaxies: active, intergalactic medium, Astrophysics - Cosmology and Nongalactic Astrophysics, Astrophysics - Astrophysics of Galaxies},
         year = "2015",
        month = "Nov",
       volume = {813},
       number = {1},
          eid = {L8},
        pages = {L8},
          doi = {10.1088/2041-8205/813/1/L8},
archivePrefix = {arXiv},
       eprint = {1507.07678},
 primaryClass = {astro-ph.CO},
       adsurl = {https://ui.adsabs.harvard.edu/abs/2015ApJ...813L...8M},
      adsnote = {Provided by the SAO/NASA Astrophysics Data System}
}

@ARTICLE{Ishigaki:2018,
       author = {{Ishigaki}, Masafumi and {Kawamata}, Ryota and {Ouchi}, Masami and
         {Oguri}, Masamune and {Shimasaku}, Kazuhiro and {Ono}, Yoshiaki},
        title = "{Full-data Results of Hubble Frontier Fields: UV Luminosity Functions at z ̃ 6-10 and a Consistent Picture of Cosmic Reionization}",
      journal = {\apj},
     keywords = {galaxies: evolution, galaxies: formation, galaxies: high-redshift, Astrophysics - Astrophysics of Galaxies},
         year = "2018",
        month = "Feb",
       volume = {854},
       number = {1},
          eid = {73},
        pages = {73},
          doi = {10.3847/1538-4357/aaa544},
archivePrefix = {arXiv},
       eprint = {1702.04867},
 primaryClass = {astro-ph.GA},
       adsurl = {https://ui.adsabs.harvard.edu/abs/2018ApJ...854...73I},
      adsnote = {Provided by the SAO/NASA Astrophysics Data System}
}

@ARTICLE{Naidu:2019,
       author = {{Naidu}, Rohan P. and {Tacchella}, Sandro and {Mason}, Charlotte A. and
         {Bose}, Sownak and {Oesch}, Pascal A. and {Conroy}, Charlie},
        title = "{Rapid Reionization by the Oligarchs: The Case for Massive, UV-Bright, Star-Forming Galaxies with High Escape Fractions}",
      journal = {arXiv e-prints},
     keywords = {Astrophysics - Astrophysics of Galaxies, Astrophysics - Cosmology and Nongalactic Astrophysics},
         year = "2019",
        month = "Jul",
          eid = {arXiv:1907.13130},
        pages = {arXiv:1907.13130},
archivePrefix = {arXiv},
       eprint = {1907.13130},
 primaryClass = {astro-ph.GA},
       adsurl = {https://ui.adsabs.harvard.edu/abs/2019arXiv190713130N},
      adsnote = {Provided by the SAO/NASA Astrophysics Data System}
}

@ARTICLE{Mason:2019,
       author = {{Mason}, Charlotte A. and {Naidu}, Rohan P. and {Tacchella}, Sandro and
         {Leja}, Joel},
        title = "{Model-independent constraints on the hydrogen-ionizing emissivity at z>6}",
      journal = {arXiv e-prints},
     keywords = {Astrophysics - Cosmology and Nongalactic Astrophysics},
         year = "2019",
        month = "Jul",
          eid = {arXiv:1907.11332},
        pages = {arXiv:1907.11332},
archivePrefix = {arXiv},
       eprint = {1907.11332},
 primaryClass = {astro-ph.CO},
       adsurl = {https://ui.adsabs.harvard.edu/abs/2019arXiv190711332M},
      adsnote = {Provided by the SAO/NASA Astrophysics Data System}
}

@ARTICLE{Finkelstein:2019,
       author = {{Finkelstein}, Steven L. and {D'Aloisio}, Anson and
         {Paardekooper}, Jan-Pieter and {Ryan}, Russell, Jr. and
         {Behroozi}, Peter and {Finlator}, Kristian and {Livermore}, Rachael and
         {Upton Sanderbeck}, Phoebe R. and {Dalla Vecchia}, Claudio and
         {Khochfar}, Sadegh},
        title = "{Conditions for Reionizing the Universe with a Low Galaxy Ionizing Photon Escape Fraction}",
      journal = {\apj},
     keywords = {dark ages, reionization, first stars, early universe, galaxies: evolution, galaxies: formation, Astrophysics - Cosmology and Nongalactic Astrophysics, Astrophysics - Astrophysics of Galaxies},
         year = "2019",
        month = "Jul",
       volume = {879},
       number = {1},
          eid = {36},
        pages = {36},
          doi = {10.3847/1538-4357/ab1ea8},
archivePrefix = {arXiv},
       eprint = {1902.02792},
 primaryClass = {astro-ph.CO},
       adsurl = {https://ui.adsabs.harvard.edu/abs/2019ApJ...879...36F},
      adsnote = {Provided by the SAO/NASA Astrophysics Data System}
}

@article{McKay:1979,
 abstract = {Two types of sampling plans are examined as alternatives to simple random sampling in Monte Carlo studies. These plans are shown to be improvements over simple random sampling with respect to variance for a class of estimators which includes the sample mean and the empirical distribution function.},
 author = {M. D. McKay and R. J. Beckman and W. J. Conover},
 journal = {Technometrics},
 number = {2},
 pages = {239--245},
 publisher = {[Taylor & Francis, Ltd., American Statistical Association, American Society for Quality]},
 title = {A Comparison of Three Methods for Selecting Values of Input Variables in the Analysis of Output from a Computer Code},
 volume = {21},
 year = {1979}
}

@ARTICLE{Schmit:2018,
       author = {{Schmit}, C.~J. and {Pritchard}, J.~R.},
        title = "{Emulation of reionization simulations for Bayesian inference of astrophysics parameters using neural networks}",
      journal = {\mnras},
     keywords = {methods: numerical, methods: statistical, Astrophysics - Cosmology and Nongalactic Astrophysics},
         year = "2018",
        month = "Mar",
       volume = {475},
       number = {1},
        pages = {1213-1223},
          doi = {10.1093/mnras/stx3292},
archivePrefix = {arXiv},
       eprint = {1708.00011},
 primaryClass = {astro-ph.CO},
       adsurl = {https://ui.adsabs.harvard.edu/abs/2018MNRAS.475.1213S},
      adsnote = {Provided by the SAO/NASA Astrophysics Data System}
}


@ARTICLE{Kern:2017,
       author = {{Kern}, Nicholas S. and {Liu}, Adrian and {Parsons}, Aaron R. and
         {Mesinger}, Andrei and {Greig}, Bradley},
        title = "{Emulating Simulations of Cosmic Dawn for 21 cm Power Spectrum Constraints on Cosmology, Reionization, and X-Ray Heating}",
      journal = {\apj},
     keywords = {dark ages, reionization, first stars, methods: numerical, methods: statistical, Astrophysics - Cosmology and Nongalactic Astrophysics, Astrophysics - Astrophysics of Galaxies},
         year = "2017",
        month = "Oct",
       volume = {848},
       number = {1},
          eid = {23},
        pages = {23},
          doi = {10.3847/1538-4357/aa8bb4},
archivePrefix = {arXiv},
       eprint = {1705.04688},
 primaryClass = {astro-ph.CO},
       adsurl = {https://ui.adsabs.harvard.edu/abs/2017ApJ...848...23K},
      adsnote = {Provided by the SAO/NASA Astrophysics Data System}
}

@ARTICLE{Jeffreys:1946,
       author = {{Jeffreys}, Harold},
        title = "{An Invariant Form for the Prior Probability in Estimation Problems}",
      journal = {Proceedings of the Royal Society of London Series A},
         year = "1946",
        month = "Sep",
       volume = {186},
       number = {1007},
        pages = {453-461},
          doi = {10.1098/rspa.1946.0056},
       adsurl = {https://ui.adsabs.harvard.edu/abs/1946RSPSA.186..453J},
      adsnote = {Provided by the SAO/NASA Astrophysics Data System}
}

@ARTICLE{Eames:2018,
       author = {{Eames}, Evan and {Doussot}, Aristide and {Semelin}, Beno{\^\i}t},
        title = "{Working towards an optimal sampling of the 21 cm signal parameter space}",
      journal = {arXiv e-prints},
     keywords = {Astrophysics - Cosmology and Nongalactic Astrophysics},
         year = "2018",
        month = "Nov",
          eid = {arXiv:1811.12198},
        pages = {arXiv:1811.12198},
archivePrefix = {arXiv},
       eprint = {1811.12198},
 primaryClass = {astro-ph.CO},
       adsurl = {https://ui.adsabs.harvard.edu/abs/2018arXiv181112198E},
      adsnote = {Provided by the SAO/NASA Astrophysics Data System}
}

@ARTICLE{Schneider:2011,
       author = {{Schneider}, Michael D. and {Holm}, {\'O}skar and {Knox}, Lloyd},
        title = "{Intelligent Design: On the Emulation of Cosmological Simulations}",
      journal = {\apj},
     keywords = {cosmic background radiation, cosmological parameters, methods: numerical, methods: statistical, Astrophysics - Cosmology and Nongalactic Astrophysics},
         year = "2011",
        month = "Feb",
       volume = {728},
       number = {2},
          eid = {137},
        pages = {137},
          doi = {10.1088/0004-637X/728/2/137},
archivePrefix = {arXiv},
       eprint = {1002.1752},
 primaryClass = {astro-ph.CO},
       adsurl = {https://ui.adsabs.harvard.edu/abs/2011ApJ...728..137S},
      adsnote = {Provided by the SAO/NASA Astrophysics Data System}
}

@ARTICLE{Heitmann:2009,
       author = {{Heitmann}, Katrin and {Higdon}, David and {White}, Martin and
         {Habib}, Salman and {Williams}, Brian J. and {Lawrence}, Earl and
         {Wagner}, Christian},
        title = "{The Coyote Universe. II. Cosmological Models and Precision Emulation of the Nonlinear Matter Power Spectrum}",
      journal = {\apj},
     keywords = {large-scale structure of universe, methods: statistical, Astrophysics - Cosmology and Extragalactic Astrophysics, High Energy Physics - Phenomenology},
         year = "2009",
        month = "Nov",
       volume = {705},
       number = {1},
        pages = {156-174},
          doi = {10.1088/0004-637X/705/1/156},
archivePrefix = {arXiv},
       eprint = {0902.0429},
 primaryClass = {astro-ph.CO},
       adsurl = {https://ui.adsabs.harvard.edu/abs/2009ApJ...705..156H},
      adsnote = {Provided by the SAO/NASA Astrophysics Data System}
}

@ARTICLE{Heitmann:2014,
       author = {{Heitmann}, Katrin and {Lawrence}, Earl and {Kwan}, Juliana and
         {Habib}, Salman and {Higdon}, David},
        title = "{The Coyote Universe Extended: Precision Emulation of the Matter Power Spectrum}",
      journal = {\apj},
     keywords = {large-scale structure of universe, methods: statistical, Astrophysics - Cosmology and Nongalactic Astrophysics},
         year = "2014",
        month = "Jan",
       volume = {780},
       number = {1},
          eid = {111},
        pages = {111},
          doi = {10.1088/0004-637X/780/1/111},
archivePrefix = {arXiv},
       eprint = {1304.7849},
 primaryClass = {astro-ph.CO},
       adsurl = {https://ui.adsabs.harvard.edu/abs/2014ApJ...780..111H},
      adsnote = {Provided by the SAO/NASA Astrophysics Data System}
}


@ARTICLE{Heitmann:2016,
       author = {{Heitmann}, Katrin and {Bingham}, Derek and {Lawrence}, Earl and
         {Bergner}, Steven and {Habib}, Salman and {Higdon}, David and
         {Pope}, Adrian and {Biswas}, Rahul and {Finkel}, Hal and
         {Frontiere}, Nicholas and {Bhattacharya}, Suman},
        title = "{The Mira-Titan Universe: Precision Predictions for Dark Energy Surveys}",
      journal = {\apj},
     keywords = {large-scale structure of universe, methods: statistical, Astrophysics - Cosmology and Nongalactic Astrophysics},
         year = "2016",
        month = "Apr",
       volume = {820},
       number = {2},
          eid = {108},
        pages = {108},
          doi = {10.3847/0004-637X/820/2/108},
archivePrefix = {arXiv},
       eprint = {1508.02654},
 primaryClass = {astro-ph.CO},
       adsurl = {https://ui.adsabs.harvard.edu/abs/2016ApJ...820..108H},
      adsnote = {Provided by the SAO/NASA Astrophysics Data System}
}

@ARTICLE{Agarwal:2012,
       author = {{Agarwal}, Shankar and {Abdalla}, Filipe B. and {Feldman}, Hume A. and
         {Lahav}, Ofer and {Thomas}, Shaun A.},
        title = "{PkANN - I. Non-linear matter power spectrum interpolation through artificial neural networks}",
      journal = {\mnras},
     keywords = {methods: numerical, cosmological parameters, cosmology: theory, large-scale structure of Universe, Astrophysics - Cosmology and Extragalactic Astrophysics},
         year = "2012",
        month = "Aug",
       volume = {424},
       number = {2},
        pages = {1409-1418},
          doi = {10.1111/j.1365-2966.2012.21326.x},
archivePrefix = {arXiv},
       eprint = {1203.1695},
 primaryClass = {astro-ph.CO},
       adsurl = {https://ui.adsabs.harvard.edu/abs/2012MNRAS.424.1409A},
      adsnote = {Provided by the SAO/NASA Astrophysics Data System}
}

@ARTICLE{vanderVelden:2019,
       author = {{van der Velden}, Ellert and {Duffy}, Alan R. and {Croton}, Darren and
         {Mutch}, Simon J. and {Sinha}, Manodeep},
        title = "{Model Dispersion with PRISM: An Alternative to MCMC for Rapid Analysis of Models}",
      journal = {\apjs},
     keywords = {methods: data analysis, methods: numerical, Astrophysics - Instrumentation and Methods for Astrophysics, Physics - Computational Physics},
         year = "2019",
        month = "Jun",
       volume = {242},
       number = {2},
          eid = {22},
        pages = {22},
          doi = {10.3847/1538-4365/ab1f7d},
archivePrefix = {arXiv},
       eprint = {1901.08725},
 primaryClass = {astro-ph.IM},
       adsurl = {https://ui.adsabs.harvard.edu/abs/2019ApJS..242...22V},
      adsnote = {Provided by the SAO/NASA Astrophysics Data System}
}

@ARTICLE{Chardin:2019,
       author = {{Chardin}, Jonathan and {Uhlrich}, Gr{\'e}goire and {Aubert}, Dominique and
         {Deparis}, Nicolas and {Gillet}, Nicolas and {Ocvirk}, Pierre and
         {Lewis}, Joseph},
        title = "{A deep learning model to emulate simulations of cosmic reionization}",
      journal = {arXiv e-prints},
     keywords = {Astrophysics - Cosmology and Nongalactic Astrophysics},
         year = "2019",
        month = "May",
          eid = {arXiv:1905.06958},
        pages = {arXiv:1905.06958},
archivePrefix = {arXiv},
       eprint = {1905.06958},
 primaryClass = {astro-ph.CO},
       adsurl = {https://ui.adsabs.harvard.edu/abs/2019arXiv190506958C},
      adsnote = {Provided by the SAO/NASA Astrophysics Data System}
}


@ARTICLE{Barkana:2007,
       author = {{Barkana}, R.},
        title = "{On correlated random walks and 21-cm fluctuations during cosmic reionization}",
      journal = {\mnras},
     keywords = {methods: analytical, galaxies: formation, galaxies: high-redshift, cosmology: theory, large-scale structure of Universe, Astrophysics},
         year = "2007",
        month = "Apr",
       volume = {376},
       number = {4},
        pages = {1784-1792},
          doi = {10.1111/j.1365-2966.2007.11569.x},
archivePrefix = {arXiv},
       eprint = {0704.3534},
 primaryClass = {astro-ph},
       adsurl = {https://ui.adsabs.harvard.edu/abs/2007MNRAS.376.1784B},
      adsnote = {Provided by the SAO/NASA Astrophysics Data System}
}

@ARTICLE{Santos:2008,
       author = {{Santos}, M{\'a}rio G. and {Amblard}, Alexandre and
         {Pritchard}, Jonathan and {Trac}, Hy and {Cen}, Renyue and
         {Cooray}, Asantha},
        title = "{Cosmic Reionization and the 21 cm Signal: Comparison between an Analytical Model and a Simulation}",
      journal = {\apj},
     keywords = {cosmology: theory, diffuse radiation, large-scale structure of universe, Astrophysics},
         year = "2008",
        month = "Dec",
       volume = {689},
       number = {1},
        pages = {1-16},
          doi = {10.1086/592487},
archivePrefix = {arXiv},
       eprint = {0708.2424},
 primaryClass = {astro-ph},
       adsurl = {https://ui.adsabs.harvard.edu/abs/2008ApJ...689....1S},
      adsnote = {Provided by the SAO/NASA Astrophysics Data System}
}

@ARTICLE{Zahn:2011,
       author = {{Zahn}, Oliver and {Mesinger}, Andrei and {McQuinn}, Matthew and
         {Trac}, Hy and {Cen}, Renyue and {Hernquist}, Lars E.},
        title = "{Comparison of reionization models: radiative transfer simulations and approximate, seminumeric models}",
      journal = {\mnras},
     keywords = {intergalactic medium, cosmology: theory, dark ages, reionization, first stars, diffuse radiation, large-scale structure of Universe, Astrophysics - Cosmology and Nongalactic Astrophysics},
         year = "2011",
        month = "Jun",
       volume = {414},
       number = {1},
        pages = {727-738},
          doi = {10.1111/j.1365-2966.2011.18439.x},
archivePrefix = {arXiv},
       eprint = {1003.3455},
 primaryClass = {astro-ph.CO},
       adsurl = {https://ui.adsabs.harvard.edu/abs/2011MNRAS.414..727Z},
      adsnote = {Provided by the SAO/NASA Astrophysics Data System}
}


@ARTICLE{Choudhury:2018,
       author = {{Choudhury}, Tirthankar Roy and {Paranjape}, Aseem},
        title = "{Photon number conservation and the large-scale 21 cm power spectrum in seminumerical models of reionization}",
      journal = {\mnras},
     keywords = {intergalactic medium, cosmology: theory, dark ages, reionization, first stars, large-scale structure of Universe, Astrophysics - Cosmology and Nongalactic Astrophysics},
         year = "2018",
        month = "Dec",
       volume = {481},
       number = {3},
        pages = {3821-3837},
          doi = {10.1093/mnras/sty2551},
archivePrefix = {arXiv},
       eprint = {1807.00836},
 primaryClass = {astro-ph.CO},
       adsurl = {https://ui.adsabs.harvard.edu/abs/2018MNRAS.481.3821C},
      adsnote = {Provided by the SAO/NASA Astrophysics Data System}
}


@ARTICLE{Molaro:2019,
       author = {{Molaro}, Margherita and {Dav{\'e}}, Romeel and {Hassan}, Sultan and
         {Santos}, Mario G. and {Finlator}, Kristian},
        title = "{ARTIST: Fast radiative transfer for large-scale simulations of the epoch of reionisation}",
      journal = {arXiv e-prints},
     keywords = {Astrophysics - Cosmology and Nongalactic Astrophysics},
         year = "2019",
        month = "Jan",
          eid = {arXiv:1901.03340},
        pages = {arXiv:1901.03340},
archivePrefix = {arXiv},
       eprint = {1901.03340},
 primaryClass = {astro-ph.CO},
       adsurl = {https://ui.adsabs.harvard.edu/abs/2019arXiv190103340M},
      adsnote = {Provided by the SAO/NASA Astrophysics Data System}
}

@ARTICLE{Coe:2009,
       author = {{Coe}, Dan},
        title = "{Fisher Matrices and Confidence Ellipses: A Quick-Start Guide and Software}",
      journal = {arXiv e-prints},
     keywords = {Astrophysics - Instrumentation and Methods for Astrophysics, Astrophysics - Cosmology and Extragalactic Astrophysics},
         year = "2009",
        month = "Jun",
          eid = {arXiv:0906.4123},
        pages = {arXiv:0906.4123},
archivePrefix = {arXiv},
       eprint = {0906.4123},
 primaryClass = {astro-ph.IM},
       adsurl = {https://ui.adsabs.harvard.edu/abs/2009arXiv0906.4123C},
      adsnote = {Provided by the SAO/NASA Astrophysics Data System}
}

@ARTICLE{Pober:2014,
       author = {{Pober}, Jonathan C. and {Liu}, Adrian and {Dillon}, Joshua S. and
         {Aguirre}, James E. and {Bowman}, Judd D. and {Bradley}, Richard F. and
         {Carilli}, Chris L. and {DeBoer}, David R. and {Hewitt}, Jacqueline N. and
         {Jacobs}, Daniel C. and {McQuinn}, Matthew and {Morales}, Miguel F. and
         {Parsons}, Aaron R. and {Tegmark}, Max and {Werthimer}, Dan J.},
        title = "{What Next-generation 21 cm Power Spectrum Measurements can Teach us About the Epoch of Reionization}",
      journal = {\apj},
     keywords = {dark ages, reionization, first stars, techniques: interferometric, Astrophysics - Cosmology and Nongalactic Astrophysics},
         year = "2014",
        month = "Feb",
       volume = {782},
       number = {2},
          eid = {66},
        pages = {66},
          doi = {10.1088/0004-637X/782/2/66},
archivePrefix = {arXiv},
       eprint = {1310.7031},
 primaryClass = {astro-ph.CO},
       adsurl = {https://ui.adsabs.harvard.edu/abs/2014ApJ...782...66P},
      adsnote = {Provided by the SAO/NASA Astrophysics Data System}
}

@ARTICLE{Tegmark:1997,
       author = {{Tegmark}, Max and {Taylor}, Andy N. and {Heavens}, Alan F.},
        title = "{Karhunen-Lo{\`e}ve Eigenvalue Problems in Cosmology: How Should We Tackle Large Data Sets?}",
      journal = {\apj},
     keywords = {Cosmology: Cosmic Microwave Background, Cosmology: Theory, Cosmology: Large-Scale Structure of Universe, Methods: Data Analysis, Methods: Statistical, Astrophysics},
         year = "1997",
        month = "May",
       volume = {480},
       number = {1},
        pages = {22-35},
          doi = {10.1086/303939},
archivePrefix = {arXiv},
       eprint = {astro-ph/9603021},
 primaryClass = {astro-ph},
       adsurl = {https://ui.adsabs.harvard.edu/abs/1997ApJ...480...22T},
      adsnote = {Provided by the SAO/NASA Astrophysics Data System}
}


@ARTICLE{Ewall-Wice:2016,
       author = {{Ewall-Wice}, Aaron and {Hewitt}, Jacqueline and {Mesinger}, Andrei and
         {Dillon}, Joshua S. and {Liu}, Adrian and {Pober}, Jonathan},
        title = "{Constraining high-redshift X-ray sources with next generation 21-cm power spectrum measurements}",
      journal = {\mnras},
     keywords = {techniques: interferometric, dark ages, reionization, first stars, radio lines: general, X-rays: galaxies, Astrophysics - Cosmology and Nongalactic Astrophysics, Astrophysics - Astrophysics of Galaxies},
         year = "2016",
        month = "May",
       volume = {458},
       number = {3},
        pages = {2710-2724},
          doi = {10.1093/mnras/stw452},
archivePrefix = {arXiv},
       eprint = {1511.04101},
 primaryClass = {astro-ph.CO},
       adsurl = {https://ui.adsabs.harvard.edu/abs/2016MNRAS.458.2710E},
      adsnote = {Provided by the SAO/NASA Astrophysics Data System}
}

@article{Fisher:1935,
 ISSN = {09528385},
 URL = {http://www.jstor.org/stable/2342435},
 author = {R. A. Fisher},
 journal = {Journal of the Royal Statistical Society},
 number = {1},
 pages = {39--82},
 publisher = {[Wiley, Royal Statistical Society]},
 title = {The Logic of Inductive Inference},
 volume = {98},
 year = {1935}
}

@ARTICLE{Liu:2016a,
       author = {{Liu}, Adrian and {Parsons}, Aaron R.},
        title = "{Constraining cosmology and ionization history with combined 21 cm power spectrum and global signal measurements}",
      journal = {\mnras},
     keywords = {methods: data analysis, techniques: interferometric, dark ages, reionization, first stars, radio lines: general, Astrophysics - Cosmology and Nongalactic Astrophysics, Astrophysics - Instrumentation and Methods for Astrophysics},
         year = "2016",
        month = "Apr",
       volume = {457},
       number = {2},
        pages = {1864-1877},
          doi = {10.1093/mnras/stw071},
archivePrefix = {arXiv},
       eprint = {1510.08815},
 primaryClass = {astro-ph.CO},
       adsurl = {https://ui.adsabs.harvard.edu/abs/2016MNRAS.457.1864L},
      adsnote = {Provided by the SAO/NASA Astrophysics Data System}
}

@ARTICLE{Mao:2008,
       author = {{Mao}, Yi and {Tegmark}, Max and {McQuinn}, Matthew and
         {Zaldarriaga}, Matias and {Zahn}, Oliver},
        title = "{How accurately can 21cm tomography constrain cosmology?}",
      journal = {\prd},
     keywords = {98.80.Es, 98.58.Ge, Observational cosmology, HI regions and 21-cm lines, diffuse translucent and high-velocity clouds, Astrophysics},
         year = "2008",
        month = "Jul",
       volume = {78},
       number = {2},
          eid = {023529},
        pages = {023529},
          doi = {10.1103/PhysRevD.78.023529},
archivePrefix = {arXiv},
       eprint = {0802.1710},
 primaryClass = {astro-ph},
       adsurl = {https://ui.adsabs.harvard.edu/abs/2008PhRvD..78b3529M},
      adsnote = {Provided by the SAO/NASA Astrophysics Data System}
}

@ARTICLE{Barger:2009,
       author = {{Barger}, Vernon and {Gao}, Yu and {Mao}, Yi and {Marfatia}, Danny},
        title = "{Inflationary potential from 21 cm tomography and Planck}",
      journal = {Physics Letters B},
     keywords = {Astrophysics, General Relativity and Quantum Cosmology, High Energy Physics - Phenomenology, High Energy Physics - Theory},
         year = "2009",
        month = "Mar",
       volume = {673},
       number = {3},
        pages = {173-178},
          doi = {10.1016/j.physletb.2009.02.021},
archivePrefix = {arXiv},
       eprint = {0810.3337},
 primaryClass = {astro-ph},
       adsurl = {https://ui.adsabs.harvard.edu/abs/2009PhLB..673..173B},
      adsnote = {Provided by the SAO/NASA Astrophysics Data System}
}

@ARTICLE{Clesse:2012,
       author = {{Clesse}, S{\'e}bastien and {Lopez-Honorez}, Laura and
         {Ringeval}, Christophe and {Tashiro}, Hiroyuki and
         {Tytgat}, Michel H.~G.},
        title = "{Background reionization history from omniscopes}",
      journal = {\prd},
     keywords = {98.80.Cq, 98.70.Vc, Particle-theory and field-theory models of the early Universe, Background radiations, Astrophysics - Cosmology and Extragalactic Astrophysics, General Relativity and Quantum Cosmology, High Energy Physics - Phenomenology, High Energy Physics - Theory},
         year = "2012",
        month = "Dec",
       volume = {86},
       number = {12},
          eid = {123506},
        pages = {123506},
          doi = {10.1103/PhysRevD.86.123506},
archivePrefix = {arXiv},
       eprint = {1208.4277},
 primaryClass = {astro-ph.CO},
       adsurl = {https://ui.adsabs.harvard.edu/abs/2012PhRvD..86l3506C},
      adsnote = {Provided by the SAO/NASA Astrophysics Data System}
}

@ARTICLE{Liu:2016b,
       author = {{Liu}, Adrian and {Pritchard}, Jonathan R. and {Allison}, Rupert and
         {Parsons}, Aaron R. and {Seljak}, Uro{\v{s}} and {Sherwin}, Blake D.},
        title = "{Eliminating the optical depth nuisance from the CMB with 21 cm cosmology}",
      journal = {\prd},
     keywords = {Astrophysics - Cosmology and Nongalactic Astrophysics},
         year = "2016",
        month = "Feb",
       volume = {93},
       number = {4},
          eid = {043013},
        pages = {043013},
          doi = {10.1103/PhysRevD.93.043013},
archivePrefix = {arXiv},
       eprint = {1509.08463},
 primaryClass = {astro-ph.CO},
       adsurl = {https://ui.adsabs.harvard.edu/abs/2016PhRvD..93d3013L},
      adsnote = {Provided by the SAO/NASA Astrophysics Data System}
}

@ARTICLE{Shimabukuro:2017,
       author = {{Shimabukuro}, Hayato and {Yoshiura}, Shintaro and {Takahashi}, Keitaro and
         {Yokoyama}, Shuichiro and {Ichiki}, Kiyotomo},
        title = "{Constraining the epoch-of-reionization model parameters with the 21-cm bispectrum}",
      journal = {\mnras},
     keywords = {intergalactic medium, cosmology: theory, dark ages, reionization, first stars, Astrophysics - Cosmology and Nongalactic Astrophysics},
         year = "2017",
        month = "Jun",
       volume = {468},
       number = {2},
        pages = {1542-1550},
          doi = {10.1093/mnras/stx530},
archivePrefix = {arXiv},
       eprint = {1608.00372},
 primaryClass = {astro-ph.CO},
       adsurl = {https://ui.adsabs.harvard.edu/abs/2017MNRAS.468.1542S},
      adsnote = {Provided by the SAO/NASA Astrophysics Data System}
}

@ARTICLE{Visbal:2009,
       author = {{Visbal}, Eli and {Loeb}, Abraham and {Wyithe}, Stuart},
        title = "{Cosmological constraints from 21cm surveys after reionization}",
      journal = {\jcap},
     keywords = {Astrophysics},
         year = "2009",
        month = "Oct",
       volume = {2009},
       number = {10},
          eid = {030},
        pages = {030},
          doi = {10.1088/1475-7516/2009/10/030},
archivePrefix = {arXiv},
       eprint = {0812.0419},
 primaryClass = {astro-ph},
       adsurl = {https://ui.adsabs.harvard.edu/abs/2009JCAP...10..030V},
      adsnote = {Provided by the SAO/NASA Astrophysics Data System}
}

@ARTICLE{Morandi:2012,
       author = {{Morandi}, Andrea and {Barkana}, Rennan},
        title = "{Studying cosmic reionization with observations of the global 21-cm signal}",
      journal = {\mnras},
     keywords = {galaxies: formation, galaxies: high-redshift, cosmology: theory, Astrophysics - Cosmology and Nongalactic Astrophysics},
         year = "2012",
        month = "Aug",
       volume = {424},
       number = {4},
        pages = {2551-2561},
          doi = {10.1111/j.1365-2966.2012.21240.x},
archivePrefix = {arXiv},
       eprint = {1102.2378},
 primaryClass = {astro-ph.CO},
       adsurl = {https://ui.adsabs.harvard.edu/abs/2012MNRAS.424.2551M},
      adsnote = {Provided by the SAO/NASA Astrophysics Data System}
}

@ARTICLE{Barkana:2009,
       author = {{Barkana}, Rennan},
        title = "{Studying the sources of cosmic reionization with 21-cm fluctuations}",
      journal = {\mnras},
     keywords = {galaxies: formation, galaxies: high-redshift, cosmology: theory, Astrophysics},
         year = "2009",
        month = "Aug",
       volume = {397},
       number = {3},
        pages = {1454-1463},
          doi = {10.1111/j.1365-2966.2009.14929.x},
archivePrefix = {arXiv},
       eprint = {0806.2333},
 primaryClass = {astro-ph},
       adsurl = {https://ui.adsabs.harvard.edu/abs/2009MNRAS.397.1454B},
      adsnote = {Provided by the SAO/NASA Astrophysics Data System}
}

@ARTICLE{Mesinger:2012,
       author = {{Mesinger}, Andrei and {McQuinn}, Matthew and {Spergel}, David N.},
        title = "{The kinetic Sunyaev-Zel'dovich signal from inhomogeneous reionization: a parameter space study}",
      journal = {\mnras},
     keywords = {galaxies: high-redshift, cosmic background radiation, dark ages, reionization, first stars, diffuse radiation, early Universe, large-scale structure of Universe, Astrophysics - Cosmology and Nongalactic Astrophysics},
         year = "2012",
        month = "May",
       volume = {422},
       number = {2},
        pages = {1403-1417},
          doi = {10.1111/j.1365-2966.2012.20713.x},
archivePrefix = {arXiv},
       eprint = {1112.1820},
 primaryClass = {astro-ph.CO},
       adsurl = {https://ui.adsabs.harvard.edu/abs/2012MNRAS.422.1403M},
      adsnote = {Provided by the SAO/NASA Astrophysics Data System}
}

@ARTICLE{Mesinger:2013,
       author = {{Mesinger}, Andrei and {Ferrara}, Andrea and {Spiegel}, David S.},
        title = "{Signatures of X-rays in the early Universe}",
      journal = {\mnras},
     keywords = {intergalactic medium, cosmology: theory, early Universe, dark ages, reionization, first stars, X-rays: galaxies, Astrophysics - Cosmology and Nongalactic Astrophysics},
         year = "2013",
        month = "May",
       volume = {431},
       number = {1},
        pages = {621-637},
          doi = {10.1093/mnras/stt198},
archivePrefix = {arXiv},
       eprint = {1210.7319},
 primaryClass = {astro-ph.CO},
       adsurl = {https://ui.adsabs.harvard.edu/abs/2013MNRAS.431..621M},
      adsnote = {Provided by the SAO/NASA Astrophysics Data System}
}

@ARTICLE{Zahn:2012,
       author = {{Zahn}, O. and {Reichardt}, C.~L. and {Shaw}, L. and {Lidz}, A. and
         {Aird}, K.~A. and {Benson}, B.~A. and {Bleem}, L.~E. and
         {Carlstrom}, J.~E. and {Chang}, C.~L. and {Cho}, H.~M. and
         {Crawford}, T.~M. and {Crites}, A.~T. and {de Haan}, T. and
         {Dobbs}, M.~A. and {Dor{\'e}}, O. and {Dudley}, J. and {George}, E.~M. and
         {Halverson}, N.~W. and {Holder}, G.~P. and {Holzapfel}, W.~L. and
         {Hoover}, S. and {Hou}, Z. and {Hrubes}, J.~D. and {Joy}, M. and
         {Keisler}, R. and {Knox}, L. and {Lee}, A.~T. and {Leitch}, E.~M. and
         {Lueker}, M. and {Luong-Van}, D. and {McMahon}, J.~J. and {Mehl}, J. and
         {Meyer}, S.~S. and {Millea}, M. and {Mohr}, J.~J. and {Montroy}, T.~E. and
         {Natoli}, T. and {Padin}, S. and {Plagge}, T. and {Pryke}, C. and
         {Ruhl}, J.~E. and {Schaffer}, K.~K. and {Shirokoff}, E. and
         {Spieler}, H.~G. and {Staniszewski}, Z. and {Stark}, A.~A. and
         {Story}, K. and {van Engelen}, A. and {Vanderlinde}, K. and
         {Vieira}, J.~D. and {Williamson}, R.},
        title = "{Cosmic Microwave Background Constraints on the Duration and Timing of Reionization from the South Pole Telescope}",
      journal = {\apj},
     keywords = {cosmology: theory, intergalactic medium, large-scale structure of universe, Astrophysics - Cosmology and Nongalactic Astrophysics},
         year = "2012",
        month = "Sep",
       volume = {756},
       number = {1},
          eid = {65},
        pages = {65},
          doi = {10.1088/0004-637X/756/1/65},
archivePrefix = {arXiv},
       eprint = {1111.6386},
 primaryClass = {astro-ph.CO},
       adsurl = {https://ui.adsabs.harvard.edu/abs/2012ApJ...756...65Z},
      adsnote = {Provided by the SAO/NASA Astrophysics Data System}
}

@ARTICLE{Greig:2017a,
       author = {{Greig}, Bradley and {Mesinger}, Andrei},
        title = "{The global history of reionization}",
      journal = {\mnras},
     keywords = {galaxies: evolution, galaxies: high-redshift, intergalactic medium, cosmology: theory, dark ages, reionization, first stars, early Universe, Astrophysics - Cosmology and Nongalactic Astrophysics},
         year = "2017",
        month = "Mar",
       volume = {465},
       number = {4},
        pages = {4838-4852},
          doi = {10.1093/mnras/stw3026},
archivePrefix = {arXiv},
       eprint = {1605.05374},
 primaryClass = {astro-ph.CO},
       adsurl = {https://ui.adsabs.harvard.edu/abs/2017MNRAS.465.4838G},
      adsnote = {Provided by the SAO/NASA Astrophysics Data System}
}

@ARTICLE{Monsalve:2017,
       author = {{Monsalve}, Raul A. and {Rogers}, Alan E.~E. and {Bowman}, Judd D. and
         {Mozdzen}, Thomas J.},
        title = "{Results from EDGES High-band. I. Constraints on Phenomenological Models for the Global 21 cm Signal}",
      journal = {\apj},
     keywords = {cosmology: observations, early universe, methods: data analysis, Astrophysics - Cosmology and Nongalactic Astrophysics, Astrophysics - Instrumentation and Methods for Astrophysics},
         year = "2017",
        month = "Sep",
       volume = {847},
       number = {1},
          eid = {64},
        pages = {64},
          doi = {10.3847/1538-4357/aa88d1},
archivePrefix = {arXiv},
       eprint = {1708.05817},
 primaryClass = {astro-ph.CO},
       adsurl = {https://ui.adsabs.harvard.edu/abs/2017ApJ...847...64M},
      adsnote = {Provided by the SAO/NASA Astrophysics Data System}
}

@ARTICLE{Monsalve:2018,
       author = {{Monsalve}, Raul A. and {Greig}, Bradley and {Bowman}, Judd D. and
         {Mesinger}, Andrei and {Rogers}, Alan E.~E. and {Mozdzen}, Thomas J. and
         {Kern}, Nicholas S. and {Mahesh}, Nivedita},
        title = "{Results from EDGES High-band. II. Constraints on Parameters of Early Galaxies}",
      journal = {\apj},
     keywords = {cosmology: observations, early universe, galaxies: high-redshift, methods: data analysis, Astrophysics - Cosmology and Nongalactic Astrophysics, Astrophysics - Astrophysics of Galaxies},
         year = "2018",
        month = "Aug",
       volume = {863},
       number = {1},
          eid = {11},
        pages = {11},
          doi = {10.3847/1538-4357/aace54},
archivePrefix = {arXiv},
       eprint = {1806.07774},
 primaryClass = {astro-ph.CO},
       adsurl = {https://ui.adsabs.harvard.edu/abs/2018ApJ...863...11M},
      adsnote = {Provided by the SAO/NASA Astrophysics Data System}
}

@ARTICLE{Monsalve:2019,
       author = {{Monsalve}, Raul A. and {Fialkov}, Anastasia and {Bowman}, Judd D. and
         {Rogers}, Alan E.~E. and {Mozdzen}, Thomas J. and {Cohen}, Aviad and
         {Barkana}, Rennan and {Mahesh}, Nivedita},
        title = "{Results from EDGES High-Band. III. New Constraints on Parameters of the Early Universe}",
      journal = {\apj},
     keywords = {cosmology: observations, early universe, galaxies: high-redshift, methods: data analysis, Astrophysics - Cosmology and Nongalactic Astrophysics},
         year = "2019",
        month = "Apr",
       volume = {875},
       number = {1},
          eid = {67},
        pages = {67},
          doi = {10.3847/1538-4357/ab07be},
archivePrefix = {arXiv},
       eprint = {1901.10943},
 primaryClass = {astro-ph.CO},
       adsurl = {https://ui.adsabs.harvard.edu/abs/2019ApJ...875...67M},
      adsnote = {Provided by the SAO/NASA Astrophysics Data System}
}

@ARTICLE{Gorce:2018,
       author = {{Gorce}, A. and {Douspis}, M. and {Aghanim}, N. and {Langer}, M.},
        title = "{Observational constraints on key-parameters of cosmic reionisation history}",
      journal = {\aap},
     keywords = {dark ages, reionization, first stars, Astrophysics - Cosmology and Nongalactic Astrophysics},
         year = "2018",
        month = "Aug",
       volume = {616},
          eid = {A113},
        pages = {A113},
          doi = {10.1051/0004-6361/201629661},
archivePrefix = {arXiv},
       eprint = {1710.04152},
 primaryClass = {astro-ph.CO},
       adsurl = {https://ui.adsabs.harvard.edu/abs/2018A&A...616A.113G},
      adsnote = {Provided by the SAO/NASA Astrophysics Data System}
}

@ARTICLE{Fialkov:2019b,
       author = {{Fialkov}, Anastasia and {Barkana}, Rennan},
        title = "{Signature of excess radio background in the 21-cm global signal and power spectrum}",
      journal = {\mnras},
     keywords = {galaxies: high-redshift, cosmic background radiation, dark ages, reionization, first stars, early Universe, cosmology: theory, Astrophysics - Cosmology and Nongalactic Astrophysics},
         year = "2019",
        month = "Jun",
       volume = {486},
       number = {2},
        pages = {1763-1773},
          doi = {10.1093/mnras/stz873},
archivePrefix = {arXiv},
       eprint = {1902.02438},
 primaryClass = {astro-ph.CO},
       adsurl = {https://ui.adsabs.harvard.edu/abs/2019MNRAS.486.1763F},
      adsnote = {Provided by the SAO/NASA Astrophysics Data System}
}

@ARTICLE{Mitra:2015,
       author = {{Mitra}, S. and {Choudhury}, T.~R. and {Ferrara}, A.},
        title = "{Cosmic reionization after Planck.}",
      journal = {\mnras},
     keywords = {intergalactic medium, cosmology: theory, dark ages, reionization, first stars, large-scale structure of Universe, Astrophysics - Cosmology and Nongalactic Astrophysics},
         year = "2015",
        month = "Nov",
       volume = {454},
        pages = {L76-L80},
          doi = {10.1093/mnrasl/slv134},
archivePrefix = {arXiv},
       eprint = {1505.05507},
 primaryClass = {astro-ph.CO},
       adsurl = {https://ui.adsabs.harvard.edu/abs/2015MNRAS.454L..76M},
      adsnote = {Provided by the SAO/NASA Astrophysics Data System}
}

@ARTICLE{Bernardi:2016,
       author = {{Bernardi}, G. and {Zwart}, J.~T.~L. and {Price}, D. and
         {Greenhill}, L.~J. and {Mesinger}, A. and {Dowell}, J. and
         {Eftekhari}, T. and {Ellingson}, S.~W. and {Kocz}, J. and
         {Schinzel}, F.},
        title = "{Bayesian constraints on the global 21-cm signal from the Cosmic Dawn}",
      journal = {\mnras},
     keywords = {methods: data analysis, methods: statistical, cosmology: observations, dark ages, reionization, first stars, diffuse radiation, Astrophysics - Cosmology and Nongalactic Astrophysics},
         year = "2016",
        month = "Sep",
       volume = {461},
       number = {3},
        pages = {2847-2855},
          doi = {10.1093/mnras/stw1499},
archivePrefix = {arXiv},
       eprint = {1606.06006},
 primaryClass = {astro-ph.CO},
       adsurl = {https://ui.adsabs.harvard.edu/abs/2016MNRAS.461.2847B},
      adsnote = {Provided by the SAO/NASA Astrophysics Data System}
}


@ARTICLE{Greig:2017b,
       author = {{Greig}, Bradley and {Mesinger}, Andrei},
        title = "{Simultaneously constraining the astrophysics of reionization and the epoch of heating with 21CMMC}",
      journal = {\mnras},
     keywords = {galaxies: high-redshift, intergalactic medium, dark ages, reionization, first stars, diffuse radiation, early Universe, cosmology: theory},
         year = "2017",
        month = "Dec",
       volume = {472},
       number = {3},
        pages = {2651-2669},
          doi = {10.1093/mnras/stx2118},
       adsurl = {https://ui.adsabs.harvard.edu/abs/2017MNRAS.472.2651G},
      adsnote = {Provided by the SAO/NASA Astrophysics Data System}
}

@ARTICLE{Greig:2018,
       author = {{Greig}, Bradley and {Mesinger}, Andrei},
        title = "{21CMMC with a 3D light-cone: the impact of the co-evolution approximation on the astrophysics of reionization and cosmic dawn}",
      journal = {\mnras},
     keywords = {galaxies: high-redshift, intergalactic medium, dark ages, reionization, first stars, diffuse radiation, early Universe, cosmology: theory, Astrophysics - Cosmology and Nongalactic Astrophysics},
         year = "2018",
        month = "Jul",
       volume = {477},
       number = {3},
        pages = {3217-3229},
          doi = {10.1093/mnras/sty796},
archivePrefix = {arXiv},
       eprint = {1801.01592},
 primaryClass = {astro-ph.CO},
       adsurl = {https://ui.adsabs.harvard.edu/abs/2018MNRAS.477.3217G},
      adsnote = {Provided by the SAO/NASA Astrophysics Data System}
}

@ARTICLE{Paranjape:2016,
       author = {{Paranjape}, Aseem and {Choudhury}, T. Roy and {Padmanabhan}, Hamsa},
        title = "{Photon number conserving models of H II bubbles during reionization}",
      journal = {\mnras},
     keywords = {intergalactic medium, cosmology: theory, dark ages, reionization, first stars, large-scale structure of Universe, Astrophysics - Cosmology and Nongalactic Astrophysics},
         year = "2016",
        month = "Aug",
       volume = {460},
       number = {2},
        pages = {1801-1810},
          doi = {10.1093/mnras/stw1060},
archivePrefix = {arXiv},
       eprint = {1512.01345},
 primaryClass = {astro-ph.CO},
       adsurl = {https://ui.adsabs.harvard.edu/abs/2016MNRAS.460.1801P},
      adsnote = {Provided by the SAO/NASA Astrophysics Data System}
}

@ARTICLE{Greig:2019,
       author = {{Greig}, Bradley and {Mesinger}, Andrei and {Koopmans}, L{\'e}on V.~E.},
        title = "{Reionisation \&amp; Cosmic Dawn Astrophysics from the Square Kilometre Array: Impact of Observing Strategies}",
      journal = {arXiv e-prints},
     keywords = {Astrophysics - Cosmology and Nongalactic Astrophysics},
         year = "2019",
        month = "Jun",
          eid = {arXiv:1906.07910},
        pages = {arXiv:1906.07910},
archivePrefix = {arXiv},
       eprint = {1906.07910},
 primaryClass = {astro-ph.CO},
       adsurl = {https://ui.adsabs.harvard.edu/abs/2019arXiv190607910G},
      adsnote = {Provided by the SAO/NASA Astrophysics Data System}
}

@ARTICLE{Mirocha:2015,
       author = {{Mirocha}, Jordan and {Harker}, Geraint J.~A. and {Burns}, Jack O.},
        title = "{Interpreting the Global 21-cm Signal from High Redshifts. II. Parameter Estimation for Models of Galaxy Formation}",
      journal = {\apj},
     keywords = {dark ages, reionization, first stars, diffuse radiation, early universe, methods: statistical, Astrophysics - Cosmology and Nongalactic Astrophysics},
         year = "2015",
        month = "Nov",
       volume = {813},
       number = {1},
          eid = {11},
        pages = {11},
          doi = {10.1088/0004-637X/813/1/11},
archivePrefix = {arXiv},
       eprint = {1509.07868},
 primaryClass = {astro-ph.CO},
       adsurl = {https://ui.adsabs.harvard.edu/abs/2015ApJ...813...11M},
      adsnote = {Provided by the SAO/NASA Astrophysics Data System}
}

@ARTICLE{Pritchard:2010a,
       author = {{Pritchard}, Jonathan R. and {Loeb}, Abraham},
        title = "{Constraining the unexplored period between the dark ages and reionization with observations of the global 21 cm signal}",
      journal = {\prd},
     keywords = {98.70.Vc, 95.35.+d, 98.62.-g, Background radiations, Dark matter, Characteristics and properties of external galaxies and extragalactic objects, Astrophysics - Cosmology and Nongalactic Astrophysics},
         year = "2010",
        month = "Jul",
       volume = {82},
       number = {2},
          eid = {023006},
        pages = {023006},
          doi = {10.1103/PhysRevD.82.023006},
archivePrefix = {arXiv},
       eprint = {1005.4057},
 primaryClass = {astro-ph.CO},
       adsurl = {https://ui.adsabs.harvard.edu/abs/2010PhRvD..82b3006P},
      adsnote = {Provided by the SAO/NASA Astrophysics Data System}
}

@ARTICLE{Pritchard:2010b,
       author = {{Pritchard}, Jonathan R. and {Loeb}, Abraham and {Wyithe}, J. Stuart B.},
        title = "{Constraining reionization using 21-cm observations in combination with CMB and Ly{\ensuremath{\alpha}} forest data}",
      journal = {\mnras},
     keywords = {galaxies: high-redshift, intergalactic medium, cosmology: theory, diffuse radiation, Astrophysics - Cosmology and Nongalactic Astrophysics},
         year = "2010",
        month = "Oct",
       volume = {408},
       number = {1},
        pages = {57-70},
          doi = {10.1111/j.1365-2966.2010.17150.x},
archivePrefix = {arXiv},
       eprint = {0908.3891},
 primaryClass = {astro-ph.CO},
       adsurl = {https://ui.adsabs.harvard.edu/abs/2010MNRAS.408...57P},
      adsnote = {Provided by the SAO/NASA Astrophysics Data System}
}

@ARTICLE{Harker:2012,
       author = {{Harker}, Geraint J.~A. and {Pritchard}, Jonathan R. and
         {Burns}, Jack O. and {Bowman}, Judd D.},
        title = "{An MCMC approach to extracting the global 21-cm signal during the cosmic dawn from sky-averaged radio observations}",
      journal = {\mnras},
     keywords = {methods: statistical, cosmology: theory, diffuse radiation, radio lines: general, Astrophysics - Cosmology and Extragalactic Astrophysics},
         year = "2012",
        month = "Jan",
       volume = {419},
       number = {2},
        pages = {1070-1084},
          doi = {10.1111/j.1365-2966.2011.19766.x},
archivePrefix = {arXiv},
       eprint = {1107.3154},
 primaryClass = {astro-ph.CO},
       adsurl = {https://ui.adsabs.harvard.edu/abs/2012MNRAS.419.1070H},
      adsnote = {Provided by the SAO/NASA Astrophysics Data System}
}

@ARTICLE{Hassan:2017,
       author = {{Hassan}, Sultan and {Dav{\'e}}, Romeel and {Finlator}, Kristian and
         {Santos}, Mario G.},
        title = "{Epoch of reionization 21 cm forecasting from MCMC-constrained semi-numerical models}",
      journal = {\mnras},
     keywords = {cosmology: theory, dark ages, reionization, first stars, early Universe, galaxies: formation, galaxies:evolution, galaxies: high redshift, Astrophysics - Cosmology and Nongalactic Astrophysics, Astrophysics - Astrophysics of Galaxies},
         year = "2017",
        month = "Jun",
       volume = {468},
       number = {1},
        pages = {122-139},
          doi = {10.1093/mnras/stx420},
archivePrefix = {arXiv},
       eprint = {1612.05797},
 primaryClass = {astro-ph.CO},
       adsurl = {https://ui.adsabs.harvard.edu/abs/2017MNRAS.468..122H},
      adsnote = {Provided by the SAO/NASA Astrophysics Data System}
}

@ARTICLE{Binnie:2019,
       author = {{Binnie}, T. and {Pritchard}, J.~R.},
        title = "{Bayesian model selection with future 21cm observations of the epoch of reionization}",
      journal = {\mnras},
     keywords = {instrumentation: interferometers, methods: statistical, galaxies: fundamental parameters, galaxies: statistics, dark ages, reionization, first stars, Astrophysics - Instrumentation and Methods for Astrophysics, Astrophysics - Cosmology and Nongalactic Astrophysics},
         year = "2019",
        month = "Jul",
       volume = {487},
       number = {1},
        pages = {1160-1177},
          doi = {10.1093/mnras/stz1297},
archivePrefix = {arXiv},
       eprint = {1903.09064},
 primaryClass = {astro-ph.IM},
       adsurl = {https://ui.adsabs.harvard.edu/abs/2019MNRAS.487.1160B},
      adsnote = {Provided by the SAO/NASA Astrophysics Data System}
}

@ARTICLE{MiraldaEscude:2000,
       author = {{Miralda-Escud{\'e}}, Jordi and {Haehnelt}, Martin and {Rees}, Martin J.},
        title = "{Reionization of the Inhomogeneous Universe}",
      journal = {\apj},
     keywords = {COSMOLOGY: THEORY, GALAXIES: INTERGALACTIC MEDIUM, COSMOLOGY: LARGE-SCALE STRUCTURE OF UNIVERSE, GALAXIES: QUASARS: ABSORPTION LINES, Astrophysics},
         year = "2000",
        month = "Feb",
       volume = {530},
       number = {1},
        pages = {1-16},
          doi = {10.1086/308330},
archivePrefix = {arXiv},
       eprint = {astro-ph/9812306},
 primaryClass = {astro-ph},
       adsurl = {https://ui.adsabs.harvard.edu/abs/2000ApJ...530....1M},
      adsnote = {Provided by the SAO/NASA Astrophysics Data System}
}

@INPROCEEDINGS{Skilling:2004,
       author = {{Skilling}, John},
        title = "{Nested Sampling}",
     keywords = {02.50.Tt, Inference methods},
    booktitle = {American Institute of Physics Conference Series},
         year = "2004",
       editor = {{Fischer}, Rainer and {Preuss}, Roland and {Toussaint}, Udo Von},
       volume = {735},
        month = "Nov",
        pages = {395-405},
          doi = {10.1063/1.1835238},
       adsurl = {https://ui.adsabs.harvard.edu/abs/2004AIPC..735..395S},
      adsnote = {Provided by the SAO/NASA Astrophysics Data System}
}

@ARTICLE{Alsing:2019,
       author = {{Alsing}, Justin and {Charnock}, Tom and {Feeney}, Stephen and {Wand
        elt}, Benjamin},
        title = "{Fast likelihood-free cosmology with neural density estimators and active learning}",
      journal = {\mnras},
     keywords = {data analysis: methods, Astrophysics - Cosmology and Nongalactic Astrophysics},
         year = "2019",
        month = "Jul",
        pages = {1888},
          doi = {10.1093/mnras/stz1960},
archivePrefix = {arXiv},
       eprint = {1903.00007},
 primaryClass = {astro-ph.CO},
       adsurl = {https://ui.adsabs.harvard.edu/abs/2019MNRAS.tmp.1888A},
      adsnote = {Provided by the SAO/NASA Astrophysics Data System}
}

@ARTICLE{Shimabukuro:2017b,
       author = {{Shimabukuro}, Hayato and {Semelin}, Benoit},
        title = "{Analysing the 21 cm signal from the epoch of reionization with artificial neural networks}",
      journal = {\mnras},
     keywords = {intergalactic medium, dark ages, reionization, first stars, cosmology: theory, Astrophysics - Cosmology and Nongalactic Astrophysics},
         year = "2017",
        month = "Jul",
       volume = {468},
       number = {4},
        pages = {3869-3877},
          doi = {10.1093/mnras/stx734},
archivePrefix = {arXiv},
       eprint = {1701.07026},
 primaryClass = {astro-ph.CO},
       adsurl = {https://ui.adsabs.harvard.edu/abs/2017MNRAS.468.3869S},
      adsnote = {Provided by the SAO/NASA Astrophysics Data System}
}

@ARTICLE{Doussot:2019,
       author = {{Doussot}, Aristide and {Eames}, Evan and {Semelin}, Benoit},
        title = "{Improved supervised learning methods for EoR parameters reconstruction}",
      journal = {arXiv e-prints},
     keywords = {Astrophysics - Cosmology and Nongalactic Astrophysics},
         year = "2019",
        month = "Apr",
          eid = {arXiv:1904.04106},
        pages = {arXiv:1904.04106},
archivePrefix = {arXiv},
       eprint = {1904.04106},
 primaryClass = {astro-ph.CO},
       adsurl = {https://ui.adsabs.harvard.edu/abs/2019arXiv190404106D},
      adsnote = {Provided by the SAO/NASA Astrophysics Data System}
}

@ARTICLE{Jennings:2019,
       author = {{Jennings}, W.~D. and {Watkinson}, C.~A. and {Abdalla}, F.~B. and
         {McEwen}, J.~D.},
        title = "{Evaluating machine learning techniques for predicting power spectra from reionization simulations}",
      journal = {\mnras},
     keywords = {methods: statistical, dark ages, reionization, first stars, Astrophysics - Cosmology and Nongalactic Astrophysics},
         year = "2019",
        month = "Mar",
       volume = {483},
       number = {3},
        pages = {2907-2922},
          doi = {10.1093/mnras/sty3168},
archivePrefix = {arXiv},
       eprint = {1811.09141},
 primaryClass = {astro-ph.CO},
       adsurl = {https://ui.adsabs.harvard.edu/abs/2019MNRAS.483.2907J},
      adsnote = {Provided by the SAO/NASA Astrophysics Data System}
}

@ARTICLE{Watkinson:2019inprep,
       author = {{Watkinson}, C.~A. and others},
        title = "{}",
      journal = {\mnras \, in prep},
     keywords = {methods: statistical, dark ages, reionization, first stars, Astrophysics - Cosmology and Nongalactic Astrophysics},
         year = "2019",
        month = "",
       volume = {},
       number = {},
        pages = {},
          doi = {},
archivePrefix = {},
       eprint = {},
 primaryClass = {},
       adsurl = {},
      adsnote = {}
}

@ARTICLE{Bharadwaj:2005,
       author = {{Bharadwaj}, Somnath and {Pandey}, Sanjay K.},
        title = "{Probing non-Gaussian features in the HI distribution at the epoch of re-ionization}",
      journal = {\mnras},
     keywords = {intergalactic medium, cosmology: theory, diffuse radiation, large-scale structure of Universe, Astrophysics},
         year = "2005",
        month = "Apr",
       volume = {358},
       number = {3},
        pages = {968-976},
          doi = {10.1111/j.1365-2966.2005.08836.x},
archivePrefix = {arXiv},
       eprint = {astro-ph/0410581},
 primaryClass = {astro-ph},
       adsurl = {https://ui.adsabs.harvard.edu/abs/2005MNRAS.358..968B},
      adsnote = {Provided by the SAO/NASA Astrophysics Data System}
}

@ARTICLE{Hutter:2019,
       author = {{Hutter}, Anne and {Watkinson}, Catherine A. and {Seiler}, Jacob and
         {Dayal}, Pratika and {Sinha}, Manodeep and {Croton}, Darren J.},
        title = "{The 21cm bispectrum during reionization: a tracer of the ionization topology}",
      journal = {arXiv e-prints},
     keywords = {Astrophysics - Cosmology and Nongalactic Astrophysics, Astrophysics - Astrophysics of Galaxies},
         year = "2019",
        month = "Jul",
          eid = {arXiv:1907.04342},
        pages = {arXiv:1907.04342},
archivePrefix = {arXiv},
       eprint = {1907.04342},
 primaryClass = {astro-ph.CO},
       adsurl = {https://ui.adsabs.harvard.edu/abs/2019arXiv190704342H},
      adsnote = {Provided by the SAO/NASA Astrophysics Data System}
}


@ARTICLE{Yoshiura:2015,
       author = {{Yoshiura}, Shintaro and {Shimabukuro}, Hayato and {Takahashi}, Keitaro and
         {Momose}, Rieko and {Nakanishi}, Hiroyuki and {Imai}, Hiroshi},
        title = "{Sensitivity for 21 cm bispectrum from Epoch of Reionization}",
      journal = {\mnras},
     keywords = {instrumentation: interferometers, techniques: interferometric, cosmology: observations, dark ages, reionization, first stars, Astrophysics - Cosmology and Nongalactic Astrophysics},
         year = "2015",
        month = "Jul",
       volume = {451},
       number = {1},
        pages = {266-274},
          doi = {10.1093/mnras/stv855},
archivePrefix = {arXiv},
       eprint = {1412.5279},
 primaryClass = {astro-ph.CO},
       adsurl = {https://ui.adsabs.harvard.edu/abs/2015MNRAS.451..266Y},
      adsnote = {Provided by the SAO/NASA Astrophysics Data System}
}

@ARTICLE{Trott:2019,
       author = {{Trott}, Cathryn M. and {Watkinson}, Catherine A. and
         {Jordan}, Christopher H. and {Yoshiura}, Shintaro and
         {Majumdar}, Suman and {Barry}, N. and {Byrne}, R. and
         {Hazelton}, B.~J. and {Hasegawa}, K. and {Joseph}, R. and
         {Kaneuji}, T. and {Kubota}, K. and {Li}, W. and {Line}, J. and
         {Lynch}, C. and {McKinley}, B. and {Mitchell}, D.~A. and
         {Morales}, M.~F. and {Murray}, S. and {Pindor}, B. and {Pober}, J.~C. and
         {Rahimi}, M. and {Riding}, J. and {Takahashi}, K. and {Tingay}, S.~J. and
         {Wayth}, R.~B. and {Webster}, R.~L. and {Wilensky}, M. and
         {Wyithe}, J.~S.~B. and {Zheng}, Q. and {Emrich}, David and
         {Beardsley}, A.~P. and {Booler}, T. and {Crosse}, B. and
         {Franzen}, T.~M.~O. and {Horsley}, L. and {Johnston-Hollitt}, M. and
         {Kaplan}, D.~L. and {Kenney}, D. and {Pallot}, D. and {Sleap}, G. and
         {Steele}, K. and {Walker}, M. and {Williams}, A. and {Wu}, C.},
        title = "{Gridded and direct Epoch of Reionisation bispectrum estimates using the Murchison Widefield Array}",
      journal = {\pasa},
     keywords = {cosmology, early universe, instrumentation, methods: statistical, Astrophysics - Cosmology and Nongalactic Astrophysics, Astrophysics - Instrumentation and Methods for Astrophysics},
         year = "2019",
        month = "Jan",
       volume = {36},
          eid = {e023},
        pages = {e023},
          doi = {10.1017/pasa.2019.15},
archivePrefix = {arXiv},
       eprint = {1905.07161},
 primaryClass = {astro-ph.CO},
       adsurl = {https://ui.adsabs.harvard.edu/abs/2019PASA...36...23T},
      adsnote = {Provided by the SAO/NASA Astrophysics Data System}
}

@ARTICLE{Pillepich:2007,
       author = {{Pillepich}, Annalisa and {Porciani}, Cristiano and {Matarrese}, Sabino},
        title = "{The Bispectrum of Redshifted 21 Centimeter Fluctuations from the Dark Ages}",
      journal = {\apj},
     keywords = {Cosmology: Theory, Cosmology: Diffuse Radiation, Galaxies: Intergalactic Medium, Astrophysics},
         year = "2007",
        month = "Jun",
       volume = {662},
       number = {1},
        pages = {1-14},
          doi = {10.1086/517963},
archivePrefix = {arXiv},
       eprint = {astro-ph/0611126},
 primaryClass = {astro-ph},
       adsurl = {https://ui.adsabs.harvard.edu/abs/2007ApJ...662....1P},
      adsnote = {Provided by the SAO/NASA Astrophysics Data System}
}


@ARTICLE{Watkinson:2015b,
       author = {{Watkinson}, C.~A. and {Mesinger}, A. and {Pritchard}, J.~R. and
         {Sobacchi}, E.},
        title = "{21-cm signatures of residual H I inside cosmic H II regions during reionization}",
      journal = {\mnras},
     keywords = {methods: statistical, intergalactic medium, cosmology: theory, dark ages, reionization, first stars, Astrophysics - Cosmology and Nongalactic Astrophysics},
         year = "2015",
        month = "May",
       volume = {449},
       number = {3},
        pages = {3202-3211},
          doi = {10.1093/mnras/stv499},
archivePrefix = {arXiv},
       eprint = {1501.01970},
 primaryClass = {astro-ph.CO},
       adsurl = {https://ui.adsabs.harvard.edu/abs/2015MNRAS.449.3202W},
      adsnote = {Provided by the SAO/NASA Astrophysics Data System}
}

@ARTICLE{Barkana:2008,
       author = {{Barkana}, Rennan and {Loeb}, Abraham},
        title = "{The difference PDF of 21-cm fluctuations: a powerful statistical tool for probing cosmic reionization}",
      journal = {\mnras},
     keywords = {galaxies: formation, galaxies: high-redshift, cosmology: theory, Astrophysics},
         year = "2008",
        month = "Mar",
       volume = {384},
       number = {3},
        pages = {1069-1079},
          doi = {10.1111/j.1365-2966.2007.12729.x},
archivePrefix = {arXiv},
       eprint = {0705.3246},
 primaryClass = {astro-ph},
       adsurl = {https://ui.adsabs.harvard.edu/abs/2008MNRAS.384.1069B},
      adsnote = {Provided by the SAO/NASA Astrophysics Data System}
}


@ARTICLE{Pan:2012,
       author = {{Pan}, Tony and {Barkana}, Rennan},
        title = "{Measuring the History of Cosmic Reionization using the 21-cm Difference PDF}",
      journal = {arXiv e-prints},
     keywords = {Astrophysics - Cosmology and Extragalactic Astrophysics},
         year = "2012",
        month = "Sep",
          eid = {arXiv:1209.5751},
        pages = {arXiv:1209.5751},
archivePrefix = {arXiv},
       eprint = {1209.5751},
 primaryClass = {astro-ph.CO},
       adsurl = {https://ui.adsabs.harvard.edu/abs/2012arXiv1209.5751P},
      adsnote = {Provided by the SAO/NASA Astrophysics Data System}
}

@ARTICLE{Gluscevic:2010,
       author = {{Gluscevic}, Vera and {Barkana}, Rennan},
        title = "{Statistics of 21-cm fluctuations in cosmic reionization simulations: PDFs and difference PDFs}",
      journal = {\mnras},
     keywords = {galaxies: high-redshift, cosmology: theory, galaxies: formation, Astrophysics - Cosmology and Nongalactic Astrophysics},
         year = "2010",
        month = "Nov",
       volume = {408},
       number = {4},
        pages = {2373-2380},
          doi = {10.1111/j.1365-2966.2010.17293.x},
archivePrefix = {arXiv},
       eprint = {1005.3814},
 primaryClass = {astro-ph.CO},
       adsurl = {https://ui.adsabs.harvard.edu/abs/2010MNRAS.408.2373G},
      adsnote = {Provided by the SAO/NASA Astrophysics Data System}
}

@ARTICLE{Ichikawa:2010,
       author = {{Ichikawa}, Kazuhide and {Barkana}, Rennan and {Iliev}, Ilian T. and
         {Mellema}, Garrelt and {Shapiro}, Paul R.},
        title = "{Measuring the history of cosmic reionization using the 21-cm probability distribution function from simulations}",
      journal = {\mnras},
     keywords = {galaxies: formation, galaxies: high-redshift, cosmology: theory, Astrophysics - Cosmology and Nongalactic Astrophysics},
         year = "2010",
        month = "Aug",
       volume = {406},
       number = {4},
        pages = {2521-2532},
          doi = {10.1111/j.1365-2966.2010.16828.x},
archivePrefix = {arXiv},
       eprint = {0907.2932},
 primaryClass = {astro-ph.CO},
       adsurl = {https://ui.adsabs.harvard.edu/abs/2010MNRAS.406.2521I},
      adsnote = {Provided by the SAO/NASA Astrophysics Data System}
}


@ARTICLE{Wyithe:2007b,
       author = {{Wyithe}, J. Stuart B. and {Morales}, Miguel F.},
        title = "{Biased reionization and non-Gaussianity in redshifted 21-cm intensity maps of the reionization epoch}",
      journal = {\mnras},
     keywords = {galaxies: high-redshift, intergalactic medium, cosmology: theory, diffuse radiation, large-scale structure of Universe, Astrophysics},
         year = "2007",
        month = "Aug",
       volume = {379},
       number = {4},
        pages = {1647-1657},
          doi = {10.1111/j.1365-2966.2007.12048.x},
archivePrefix = {arXiv},
       eprint = {astro-ph/0703070},
 primaryClass = {astro-ph},
       adsurl = {https://ui.adsabs.harvard.edu/abs/2007MNRAS.379.1647W},
      adsnote = {Provided by the SAO/NASA Astrophysics Data System}
}

@ARTICLE{Bowman:2006,
       author = {{Bowman}, Judd D. and {Morales}, Miguel F. and {Hewitt}, Jacqueline N.},
        title = "{The Sensitivity of First-Generation Epoch of Reionization Observatories and Their Potential for Differentiating Theoretical Power Spectra}",
      journal = {\apj},
     keywords = {Cosmology: Early Universe, Galaxies: Intergalactic Medium- Radio Lines: General, Techniques: Interferometric, Astrophysics},
         year = "2006",
        month = "Feb",
       volume = {638},
       number = {1},
        pages = {20-26},
          doi = {10.1086/498703},
archivePrefix = {arXiv},
       eprint = {astro-ph/0507357},
 primaryClass = {astro-ph},
       adsurl = {https://ui.adsabs.harvard.edu/abs/2006ApJ...638...20B},
      adsnote = {Provided by the SAO/NASA Astrophysics Data System}
}

@ARTICLE{Harker:2010,
       author = {{Harker}, Geraint and {Zaroubi}, Saleem and {Bernardi}, Gianni and
         {Brentjens}, Michiel A. and {de Bruyn}, A.~G. and {Ciardi}, Benedetta and
         {Jeli{\'c}}, Vibor and {Koopmans}, Leon V.~E. and
         {Labropoulos}, Panagiotis and {Mellema}, Garrelt and
         {Offringa}, Andr{\'e} and {Pandey}, V.~N. and {Pawlik}, Andreas H. and
         {Schaye}, Joop and {Thomas}, Rajat M. and {Yatawatta}, Sarod},
        title = "{Power spectrum extraction for redshifted 21-cm Epoch of Reionization experiments: the LOFAR case}",
      journal = {\mnras},
     keywords = {cosmology: theory, diffuse radiation, methods: statistical, radio lines: general, Astrophysics - Cosmology and Extragalactic Astrophysics},
         year = "2010",
        month = "Jul",
       volume = {405},
       number = {4},
        pages = {2492-2504},
          doi = {10.1111/j.1365-2966.2010.16628.x},
archivePrefix = {arXiv},
       eprint = {1003.0965},
 primaryClass = {astro-ph.CO},
       adsurl = {https://ui.adsabs.harvard.edu/abs/2010MNRAS.405.2492H},
      adsnote = {Provided by the SAO/NASA Astrophysics Data System}
}

@ARTICLE{Pritchard:2007,
       author = {{Pritchard}, Jonathan R. and {Furlanetto}, Steven R.},
        title = "{21-cm fluctuations from inhomogeneous X-ray heating before reionization}",
      journal = {\mnras},
     keywords = {intergalactic medium, cosmology: theory, diffuse radiation, X-rays: diffuse background, Astrophysics},
         year = "2007",
        month = "Apr",
       volume = {376},
       number = {4},
        pages = {1680-1694},
          doi = {10.1111/j.1365-2966.2007.11519.x},
archivePrefix = {arXiv},
       eprint = {astro-ph/0607234},
 primaryClass = {astro-ph},
       adsurl = {https://ui.adsabs.harvard.edu/abs/2007MNRAS.376.1680P},
      adsnote = {Provided by the SAO/NASA Astrophysics Data System}
}


@ARTICLE{Baek:2010,
       author = {{Baek}, S. and {Semelin}, B. and {Di Matteo}, P. and {Revaz}, Y. and
         {Combes}, F.},
        title = "{Reionization by UV or X-ray sources}",
      journal = {\aap},
     keywords = {dark ages, reionization, first stars, radiative transfer, HII regions, quasars: general, intergalactic medium, early Universe, Astrophysics - Cosmology and Nongalactic Astrophysics},
         year = "2010",
        month = "Nov",
       volume = {523},
          eid = {A4},
        pages = {A4},
          doi = {10.1051/0004-6361/201014347},
archivePrefix = {arXiv},
       eprint = {1003.0834},
 primaryClass = {astro-ph.CO},
       adsurl = {https://ui.adsabs.harvard.edu/abs/2010A&A...523A...4B},
      adsnote = {Provided by the SAO/NASA Astrophysics Data System}
}

@ARTICLE{Cohen:2018,
       author = {{Cohen}, Aviad and {Fialkov}, Anastasia and {Barkana}, Rennan},
        title = "{Charting the parameter space of the 21-cm power spectrum}",
      journal = {\mnras},
     keywords = {galaxies: formation, galaxies: high redshift, intergalactic medium, cosmology: theory, Astrophysics - Cosmology and Nongalactic Astrophysics},
         year = "2018",
        month = "Aug",
       volume = {478},
       number = {2},
        pages = {2193-2217},
          doi = {10.1093/mnras/sty1094},
archivePrefix = {arXiv},
       eprint = {1709.02122},
 primaryClass = {astro-ph.CO},
       adsurl = {https://ui.adsabs.harvard.edu/abs/2018MNRAS.478.2193C},
      adsnote = {Provided by the SAO/NASA Astrophysics Data System}
}

@ARTICLE{Furlanetto:2006c,
       author = {{Furlanetto}, Steven R.},
        title = "{The global 21-centimeter background from high redshifts}",
      journal = {\mnras},
     keywords = {intergalactic medium: cosmology: theory: diffuse radiation, intergalactic medium, cosmology: theory, diffuse radiation, Astrophysics},
         year = "2006",
        month = "Sep",
       volume = {371},
       number = {2},
        pages = {867-878},
          doi = {10.1111/j.1365-2966.2006.10725.x},
archivePrefix = {arXiv},
       eprint = {astro-ph/0604040},
 primaryClass = {astro-ph},
       adsurl = {https://ui.adsabs.harvard.edu/abs/2006MNRAS.371..867F},
      adsnote = {Provided by the SAO/NASA Astrophysics Data System}
}

@ARTICLE{Lidz:2008,
       author = {{Lidz}, Adam and {Zahn}, Oliver and {McQuinn}, Matthew and
         {Zaldarriaga}, Matias and {Hernquist}, Lars},
        title = "{Detecting the Rise and Fall of 21 cm Fluctuations with the Murchison Widefield Array}",
      journal = {\apj},
     keywords = {cosmology: theory, intergalactic medium, large-scale structure of universe, Astrophysics},
         year = "2008",
        month = "Jun",
       volume = {680},
       number = {2},
        pages = {962-974},
          doi = {10.1086/587618},
archivePrefix = {arXiv},
       eprint = {0711.4373},
 primaryClass = {astro-ph},
       adsurl = {https://ui.adsabs.harvard.edu/abs/2008ApJ...680..962L},
      adsnote = {Provided by the SAO/NASA Astrophysics Data System}
}

@ARTICLE{Lin:2016,
       author = {{Lin}, Yin and {Oh}, S. Peng and {Furlanetto}, Steven R. and
         {Sutter}, P.~M.},
        title = "{The distribution of bubble sizes during reionization}",
      journal = {\mnras},
     keywords = {galaxies: evolution, intergalactic medium, cosmology: theory, Astrophysics - Cosmology and Nongalactic Astrophysics},
         year = "2016",
        month = "Sep",
       volume = {461},
       number = {3},
        pages = {3361-3374},
          doi = {10.1093/mnras/stw1542},
archivePrefix = {arXiv},
       eprint = {1511.01506},
 primaryClass = {astro-ph.CO},
       adsurl = {https://ui.adsabs.harvard.edu/abs/2016MNRAS.461.3361L},
      adsnote = {Provided by the SAO/NASA Astrophysics Data System}
}

@ARTICLE{Majumdar:2012,
       author = {{Majumdar}, Suman and {Bharadwaj}, Somnath and {Choudhury}, T. Roy},
        title = "{Constrainingquasar and intergalactic medium properties through bubble detection in redshifted 21-cm maps}",
      journal = {\mnras},
     keywords = {methods: data analysis, cosmology: theory, diffuse radiation, Astrophysics - Cosmology and Extragalactic Astrophysics},
         year = "2012",
        month = "Nov",
       volume = {426},
       number = {4},
        pages = {3178-3194},
          doi = {10.1111/j.1365-2966.2012.21914.x},
archivePrefix = {arXiv},
       eprint = {1111.6354},
 primaryClass = {astro-ph.CO},
       adsurl = {https://ui.adsabs.harvard.edu/abs/2012MNRAS.426.3178M},
      adsnote = {Provided by the SAO/NASA Astrophysics Data System}
}

@ARTICLE{Datta:2016,
       author = {{Datta}, Kanan K. and {Ghara}, Raghunath and {Majumdar}, Suman and
         {Choudhury}, T. Roy and {Bharadwaj}, Somnath and {Roy}, Himadri and
         {Datta}, Abhirup},
        title = "{Probing Individual Sources during Reionization and Cosmic Dawn using Square Kilometre Array HI 21-cm Observations}",
      journal = {Journal of Astrophysics and Astronomy},
     keywords = {Cosmology: cosmic reionization, 21-cm signal, square kilometre array, Astrophysics - Cosmology and Nongalactic Astrophysics},
         year = "2016",
        month = "Dec",
       volume = {37},
       number = {4},
          eid = {27},
        pages = {27},
          doi = {10.1007/s12036-016-9405-x},
archivePrefix = {arXiv},
       eprint = {1610.08177},
 primaryClass = {astro-ph.CO},
       adsurl = {https://ui.adsabs.harvard.edu/abs/2016JApA...37...27D},
      adsnote = {Provided by the SAO/NASA Astrophysics Data System}
}

@ARTICLE{Barkana:2005,
   author = {{Barkana}, R. and {Loeb}, A.},
    title = "{A Method for Separating the Physics from the Astrophysics of High-Redshift 21 Centimeter Fluctuations}",
  journal = {\apjl},
   eprint = {astro-ph/0409572},
 keywords = {Cosmology: Theory, Galaxies: Formation, Galaxies: High-Redshift},
     year = 2005,
    month = may,
   volume = 624,
    pages = {L65-L68},
      doi = {10.1086/430599},
   adsurl = {https://ui.adsabs.harvard.edu/abs/2005ApJ...624L..65B},
  adsnote = {Provided by the SAO/NASA Astrophysics Data System}
}


@ARTICLE{Santos:2005,
   author = {{Santos}, M.~G. and {Cooray}, A. and {Knox}, L.},
    title = "{Multifrequency Analysis of 21 Centimeter Fluctuations from the Era of Reionization}",
  journal = {\apj},
   eprint = {astro-ph/0408515},
 keywords = {Cosmology: Theory, Cosmology: Diffuse Radiation, Cosmology: Large-Scale Structure of Universe},
     year = 2005,
    month = jun,
   volume = 625,
    pages = {575-587},
      doi = {10.1086/429857},
   adsurl = {https://ui.adsabs.harvard.edu/abs/2005ApJ...625..575S},
  adsnote = {Provided by the SAO/NASA Astrophysics Data System}
}

@book{Lee:2014, 
  place={Cambridge}, 
  title={Bayesian Cognitive Modeling: A Practical Course}, 
  DOI={10.1017/CBO9781139087759}, 
  publisher={Cambridge University Press}, 
  author={Lee, Michael D. and Wagenmakers, Eric-Jan}, 
  year={2014}
}


@book{Jeffreys:1961,
  added-at = {2008-09-16T23:39:07.000+0200},
  address = {Oxford, England},
  author = {Jeffreys, H.},
  biburl = {https://www.bibsonomy.org/bibtex/2dae77f8e173ba6a97ef0faed210d0416/brian.mingus},
  booktitle = {Theory of Probability},
  description = {CCNLab BibTeX},
  edition = {Third},
  interhash = {0c7cdd766ea31bac344cc9e7caacadf0},
  intrahash = {dae77f8e173ba6a97ef0faed210d0416},
  keywords = {stats},
  publisher = {Oxford},
  timestamp = {2008-09-16T23:40:20.000+0200},
  title = {Theory of Probability},
  year = 1961
}

@ARTICLE{Kovetz:2017,
       author = {{Kovetz}, Ely D. and others},
        title = "{Line-Intensity Mapping: 2017 Status Report}",
      journal = {arXiv e-prints},
     keywords = {Astrophysics - Cosmology and Nongalactic Astrophysics, Astrophysics - Astrophysics of Galaxies, Astrophysics - Instrumentation and Methods for Astrophysics},
         year = "2017",
        month = "Sep",
          eid = {arXiv:1709.09066},
        pages = {arXiv:1709.09066},
archivePrefix = {arXiv},
       eprint = {1709.09066},
 primaryClass = {astro-ph.CO},
       adsurl = {https://ui.adsabs.harvard.edu/abs/2017arXiv170909066K},
      adsnote = {Provided by the SAO/NASA Astrophysics Data System}
}

@ARTICLE{Moradinezhad:2019a,
       author = {{Moradinezhad Dizgah}, Azadeh and {Keating}, Garrett K. and
         {Fialkov}, Anastasia},
        title = "{Probing Cosmic Origins with CO and [C II] Emission Lines}",
      journal = {\apjl},
     keywords = {early universe, galaxies: high-redshift, large-scale structure of universe, Astrophysics - Cosmology and Nongalactic Astrophysics, High Energy Physics - Phenomenology, High Energy Physics - Theory},
         year = "2019",
        month = "Jan",
       volume = {870},
       number = {1},
          eid = {L4},
        pages = {L4},
          doi = {10.3847/2041-8213/aaf813},
archivePrefix = {arXiv},
       eprint = {1801.10178},
 primaryClass = {astro-ph.CO},
       adsurl = {https://ui.adsabs.harvard.edu/abs/2019ApJ...870L...4M},
      adsnote = {Provided by the SAO/NASA Astrophysics Data System}
}


@ARTICLE{Moradinezhad:2019b,
       author = {{Moradinezhad Dizgah}, Azadeh and {Keating}, Garrett K.},
        title = "{Line Intensity Mapping with [C II] and CO(1-0) as Probes of Primordial Non-Gaussianity}",
      journal = {\apj},
     keywords = {early universe, galaxies: high-redshift, large-scale structure of universe, Astrophysics - Cosmology and Nongalactic Astrophysics, High Energy Physics - Phenomenology, High Energy Physics - Theory},
         year = "2019",
        month = "Feb",
       volume = {872},
       number = {2},
          eid = {126},
        pages = {126},
          doi = {10.3847/1538-4357/aafd36},
archivePrefix = {arXiv},
       eprint = {1810.02850},
 primaryClass = {astro-ph.CO},
       adsurl = {https://ui.adsabs.harvard.edu/abs/2019ApJ...872..126M},
      adsnote = {Provided by the SAO/NASA Astrophysics Data System}
}


@article{Metropolis:1953,
author = {Nicholas Metropolis and Arianna W Rosenbluth and Marshall N Rosenbluth and Augusta H Teller and Edward Teller}, 
journal = {The Journal of Chemical Physics},
title = {Equation of State Calculations by Fast Computing Machines},
abstract = {},
affiliation = {},
note = {1953: American Institute of Physics},
pages = {1087},
volume = {21},
year = {1953},
month = {Jun}
}

@article{Hastings:1970,
author = {Hastings, W. K.},
journal = {Biometrika},
title = {Monte Carlo Sampling Methods Using Markov Chains and Their Applications},
abstract = {A generalization of the sampling method introduced by Metropolis et al. (1953) is presented along with an exposition of the relevant theory, techniques of application and methods and difficulties of assessing the error in Monte Carlo estimates. Examples of the methods, including the generation of random orthogonal matrices and potential applications of the methods to numerical problems arising in statistics, are discussed.},
volume = {57},
number = {1},
year = {1970},
month = {Apr},
pages = {97},
url = {http://www.jstor.org/stable/2334940}
}

@ARTICLE{Komatsu:2009,
       author = {{Komatsu}, E. and others},
        title = "{Five-Year Wilkinson Microwave Anisotropy Probe Observations: Cosmological Interpretation}",
      journal = {\apjs},
     keywords = {cosmic microwave background, cosmology: observations, dark matter, early universe, instrumentation: detectors, space vehicles: instruments, telescopes, Astrophysics},
         year = "2009",
        month = "Feb",
       volume = {180},
       number = {2},
        pages = {330-376},
          doi = {10.1088/0067-0049/180/2/330},
archivePrefix = {arXiv},
       eprint = {0803.0547},
 primaryClass = {astro-ph},
       adsurl = {https://ui.adsabs.harvard.edu/abs/2009ApJS..180..330K},
      adsnote = {Provided by the SAO/NASA Astrophysics Data System}
}

@ARTICLE{Schmalzing:1997,
       author = {{Schmalzing}, Jens and {Buchert}, Thomas},
        title = "{Beyond Genus Statistics: A Unifying Approach to the Morphology of Cosmic Structure}",
      journal = {\apjl},
     keywords = {COSMOLOGY: LARGE-SCALE STRUCTURE OF UNIVERSE, METHODS: STATISTICAL, Cosmology: Large-Scale Structure of Universe, Methods: Statistical, Astrophysics},
         year = "1997",
        month = "Jun",
       volume = {482},
       number = {1},
        pages = {L1-L4},
          doi = {10.1086/310680},
archivePrefix = {arXiv},
       eprint = {astro-ph/9702130},
 primaryClass = {astro-ph},
       adsurl = {https://ui.adsabs.harvard.edu/abs/1997ApJ...482L...1S},
      adsnote = {Provided by the SAO/NASA Astrophysics Data System}
}


@ARTICLE{Gott:1986,
       author = {{Gott}, J. Richard, III and {Melott}, Adrian L. and {Dickinson}, Mark},
        title = "{The Sponge-like Topology of Large-Scale Structure in the Universe}",
      journal = {\apj},
     keywords = {Cosmology, Galactic Clusters, Space Density, Topology, Universe, Boundaries, Curvature, Dark Matter, Density Distribution, Neutrinos, Polygons, Toroids, Triangles, Astrophysics, COSMOLOGY, GALAXIES: CLUSTERING},
         year = "1986",
        month = "Jul",
       volume = {306},
        pages = {341},
          doi = {10.1086/164347},
       adsurl = {https://ui.adsabs.harvard.edu/abs/1986ApJ...306..341G},
      adsnote = {Provided by the SAO/NASA Astrophysics Data System}
}

@ARTICLE{Sahni:1998,
       author = {{Sahni}, Varun and {Sathyaprakash}, B.~S. and {Shandarin}, Sergei F.},
        title = "{Shapefinders: A New Shape Diagnostic for Large-Scale Structure}",
      journal = {\apjl},
     keywords = {COSMOLOGY: THEORY, GALAXIES: CLUSTERS: GENERAL, COSMOLOGY: LARGE-SCALE STRUCTURE OF UNIVERSE, METHODS: ANALYTICAL, METHODS: NUMERICAL, Cosmology: Theory, Galaxies: Clusters: General, Cosmology: Large-Scale Structure of Universe, Methods: Analytical, Methods: Numerical, Astrophysics},
         year = "1998",
        month = "Mar",
       volume = {495},
       number = {1},
        pages = {L5-L8},
          doi = {10.1086/311214},
archivePrefix = {arXiv},
       eprint = {astro-ph/9801053},
 primaryClass = {astro-ph},
       adsurl = {https://ui.adsabs.harvard.edu/abs/1998ApJ...495L...5S},
      adsnote = {Provided by the SAO/NASA Astrophysics Data System}
}

@ARTICLE{Schroder-Turk:2013,
       author = {{Schr{\"o}der-Turk}, G.~E. and {Mickel}, W. and {Kapfer}, S.~C. and
         {Schaller}, F.~M. and {Breidenbach}, B. and {Hug}, D. and {Mecke}, K.},
        title = "{Minkowski tensors of anisotropic spatial structure}",
      journal = {New Journal of Physics},
     keywords = {Condensed Matter - Soft Condensed Matter, Condensed Matter - Materials Science, Condensed Matter - Statistical Mechanics, Mathematical Physics},
         year = "2013",
        month = "Aug",
       volume = {15},
       number = {8},
          eid = {083028},
        pages = {083028},
          doi = {10.1088/1367-2630/15/8/083028},
archivePrefix = {arXiv},
       eprint = {1009.2340},
 primaryClass = {cond-mat.soft},
       adsurl = {https://ui.adsabs.harvard.edu/abs/2013NJPh...15h3028S},
      adsnote = {Provided by the SAO/NASA Astrophysics Data System}
}

@article{mcmullen1997,
  title={Isometry covariant valuations on convex bodies},
  author={McMullen, Peter},
  journal={SUPPLEMENTO AI RENDICONTI CIRC MAT PALERMO},
  volume={50},
  pages={259--271},
  year={1997}
}

@article{alesker1999,
  title={Description of continuous isometry covariant valuations on convex sets},
  author={Alesker, Semyon},
  journal={Geometriae dedicata},
  volume={74},
  number={3},
  pages={241--248},
  year={1999},
  publisher={Springer}
}

@incollection{beisbart2002,
  title={Vector-and tensor-valued descriptors for spatial patterns},
  author={Beisbart, Claus and Dahlke, Robert and Mecke, Klaus and Wagner, Herbert},
  booktitle={Morphology of condensed matter},
  pages={238--260},
  year={2002},
  publisher={Springer}
}

@article{hug2008,
  title={The space of isometry covariant tensor valuations},
  author={Hug, Daniel and Schneider, Rolf and Schuster, Ralph},
  journal={St. Petersburg Mathematical Journal},
  volume={19},
  number={1},
  pages={137--158},
  year={2008}
}

@article{schroder2010,
  title={Tensorial Minkowski functionals and anisotropy measures for planar patterns},
  author={SCHR{\"O}DER-TURK, Gerd E and Kapfer, Sebastian and Breidenbach, Boris and Beisbart, Claus and Mecke, Klaus},
  journal={Journal of microscopy},
  volume={238},
  number={1},
  pages={57--74},
  year={2010},
  publisher={Wiley Online Library}
}

@ARTICLE{Planck:2018,
       author = {{Planck Collaboration}},
        title = "{Planck 2018 results. VI. Cosmological parameters}",
      journal = {arXiv e-prints},
     keywords = {Astrophysics - Cosmology and Nongalactic Astrophysics},
         year = "2018",
        month = "Jul",
          eid = {arXiv:1807.06209},
        pages = {arXiv:1807.06209},
archivePrefix = {arXiv},
       eprint = {1807.06209},
 primaryClass = {astro-ph.CO},
       adsurl = {https://ui.adsabs.harvard.edu/abs/2018arXiv180706209P},
      adsnote = {Provided by the SAO/NASA Astrophysics Data System}
}

@ARTICLE{McGreer:2015,
       author = {{McGreer}, Ian D. and {Mesinger}, Andrei and {D'Odorico}, Valentina},
        title = "{Model-independent evidence in favour of an end to reionization by z {\ensuremath{\approx}} 6}",
      journal = {\mnras},
     keywords = {galaxies: high-redshift, quasars: absorption lines, cosmology: observations, dark ages, reionization, first stars, diffuse radiation, early Universe, Astrophysics - Cosmology and Nongalactic Astrophysics},
         year = "2015",
        month = "Feb",
       volume = {447},
       number = {1},
        pages = {499-505},
          doi = {10.1093/mnras/stu2449},
archivePrefix = {arXiv},
       eprint = {1411.5375},
 primaryClass = {astro-ph.CO},
       adsurl = {https://ui.adsabs.harvard.edu/abs/2015MNRAS.447..499M},
      adsnote = {Provided by the SAO/NASA Astrophysics Data System}
}

@ARTICLE{Fialkov:2014b,
       author = {{Fialkov}, Anastasia and {Barkana}, Rennan},
        title = "{The rich complexity of 21-cm fluctuations produced by the first stars}",
      journal = {\mnras},
     keywords = {galaxies: formation, galaxies: high-redshift, intergalactic medium, cosmology: theory, Astrophysics - Cosmology and Nongalactic Astrophysics},
         year = "2014",
        month = "Nov",
       volume = {445},
       number = {1},
        pages = {213-224},
          doi = {10.1093/mnras/stu1744},
archivePrefix = {arXiv},
       eprint = {1409.3992},
 primaryClass = {astro-ph.CO},
       adsurl = {https://ui.adsabs.harvard.edu/abs/2014MNRAS.445..213F},
      adsnote = {Provided by the SAO/NASA Astrophysics Data System}
}

@ARTICLE{Seiler:2019,
       author = {{Seiler}, Jacob and {Hutter}, Anne and {Sinha}, Manodeep and
         {Croton}, Darren},
        title = "{The escape fraction of ionizing photons during the Epoch of Reionization: observability with the Square Kilometre Array}",
      journal = {\mnras},
     keywords = {galaxies: high-redshift, intergalactic medium, dark ages, reionization, first stars, Astrophysics - Astrophysics of Galaxies, Astrophysics - Cosmology and Nongalactic Astrophysics},
         year = "2019",
        month = "Aug",
       volume = {487},
       number = {4},
        pages = {5739-5752},
          doi = {10.1093/mnras/stz1663},
archivePrefix = {arXiv},
       eprint = {1902.01611},
 primaryClass = {astro-ph.GA},
       adsurl = {https://ui.adsabs.harvard.edu/abs/2019MNRAS.487.5739S},
      adsnote = {Provided by the SAO/NASA Astrophysics Data System}
}

