@ARTICLE{ali15,
   author = {{Ali}, Z.~S. and {Parsons}, A.~R. and {Zheng}, H. and {Pober}, J.~C. and 
	{Liu}, A. and {Aguirre}, J.~E. and {Bradley}, R.~F. and {Bernardi}, G. and 
	{Carilli}, C.~L. and {Cheng}, C. and {DeBoer}, D.~R. and {Dexter}, M.~R. and 
	{Grobbelaar}, J. and {Horrell}, J. and {Jacobs}, D.~C. and {Klima}, P. and 
	{MacMahon}, D.~H.~E. and {Maree}, M. and {Moore}, D.~F. and 
	{Razavi}, N. and {Stefan}, I.~I. and {Walbrugh}, W.~P. and {Walker}, A.
	},
    title = "{PAPER-64 Constraints on Reionization: The 21 cm Power Spectrum at z = 8.4}",
  journal = {\apj},
archivePrefix = "arXiv",
   eprint = {1502.06016},
 keywords = {cosmology: observations, dark ages, reionization, first stars, early universe, instrumentation: interferometers, intergalactic medium},
     year = 2015,
    month = aug,
   volume = 809,
      eid = {61},
    pages = {61},
      doi = {10.1088/0004-637X/809/1/61},
   adsurl = {https://ui.adsabs.harvard.edu/abs/2015ApJ...809...61A},
  adsnote = {Provided by the SAO/NASA Astrophysics Data System}
}


@ARTICLE{asad15,
   author = {{Asad}, K.~M.~B. and {Koopmans}, L.~V.~E. and {Jeli{\'c}}, V. and 
	{Pandey}, V.~N. and {Ghosh}, A. and {Abdalla}, F.~B. and {Bernardi}, G. and 
	{Brentjens}, M.~A. and {de Bruyn}, A.~G. and {Bus}, S. and {Ciardi}, B. and 
	{Chapman}, E. and {Daiboo}, S. and {Fernandez}, E.~R. and {Harker}, G. and 
	{Iliev}, I.~T. and {Jensen}, H. and {Martinez-Rubi}, O. and 
	{Mellema}, G. and {Mevius}, M. and {Offringa}, A.~R. and {Patil}, A.~H. and 
	{Schaye}, J. and {Thomas}, R.~M. and {van der Tol}, S. and {Vedantham}, H.~K. and 
	{Yatawatta}, S. and {Zaroubi}, S.},
    title = "{Polarization leakage in epoch of reionization windows - I. Low Frequency Array observations of the 3C196 field}",
  journal = {\mnras},
archivePrefix = "arXiv",
   eprint = {1503.01644},
 keywords = {polarization, instrumentation: polarimeters, intergalactic medium, cosmo-logy: observations, dark ages, reionization, first stars},
     year = 2015,
    month = aug,
   volume = 451,
    pages = {3709-3727},
      doi = {10.1093/mnras/stv1107},
   adsurl = {https://ui.adsabs.harvard.edu/abs/2015MNRAS.451.3709A},
  adsnote = {Provided by the SAO/NASA Astrophysics Data System}
}


@ARTICLE{asad16,
   author = {{Asad}, K.~M.~B. and {Koopmans}, L.~V.~E. and {Jeli{\'c}}, V. and 
	{Ghosh}, A. and {Abdalla}, F.~B. and {Brentjens}, M.~A. and 
	{de Bruyn}, A.~G. and {Ciardi}, B. and {Gehlot}, B.~K. and {Iliev}, I.~T. and 
	{Mevius}, M. and {Pandey}, V.~N. and {Yatawatta}, S. and {Zaroubi}, S.
	},
    title = "{Polarization leakage in epoch of reionization windows - II. Primary beam model and direction-dependent calibration}",
  journal = {\mnras},
archivePrefix = "arXiv",
   eprint = {1604.04534},
 primaryClass = "astro-ph.IM",
 keywords = {polarization, instrumentation: interferometers, techniques: interferometric, techniques: polarimetric, telescopes, dark ages, reionization, first stars},
     year = 2016,
    month = nov,
   volume = 462,
    pages = {4482-4494},
      doi = {10.1093/mnras/stw1863},
   adsurl = {https://ui.adsabs.harvard.edu/abs/2016MNRAS.462.4482A},
  adsnote = {Provided by the SAO/NASA Astrophysics Data System}
}


@ARTICLE{asad18,
   author = {{Asad}, K.~M.~B. and {Koopmans}, L.~V.~E. and {Jeli{\'c}}, V. and 
	{de Bruyn}, A.~G. and {Pandey}, V.~N. and {Gehlot}, B.~K.},
    title = "{Polarization leakage in epoch of reionization windows - III. Wide-field effects of narrow-field arrays}",
  journal = {\mnras},
archivePrefix = "arXiv",
   eprint = {1706.00875},
 primaryClass = "astro-ph.IM",
 keywords = {polarization, instrumentation: interferometers, techniques: interferometric, techniques: polarimetric, dark ages, reionization, first stars, cosmology: observations},
     year = 2018,
    month = may,
   volume = 476,
    pages = {3051-3062},
      doi = {10.1093/mnras/sty258},
   adsurl = {https://ui.adsabs.harvard.edu/abs/2018MNRAS.476.3051A},
  adsnote = {Provided by the SAO/NASA Astrophysics Data System}
}


@ARTICLE{barry16,
   author = {{Barry}, N. and {Hazelton}, B. and {Sullivan}, I. and {Morales}, M.~F. and 
	{Pober}, J.~C.},
    title = "{Calibration requirements for detecting the 21 cm epoch of reionization power spectrum and implications for the SKA}",
  journal = {\mnras},
archivePrefix = "arXiv",
   eprint = {1603.00607},
 primaryClass = "astro-ph.IM",
 keywords = {instrumentation: interferometers, methods: data analysis, techniques: interferometric, dark ages, reionization, first stars},
     year = 2016,
    month = sep,
   volume = 461,
    pages = {3135-3144},
      doi = {10.1093/mnras/stw1380},
   adsurl = {https://ui.adsabs.harvard.edu/abs/2016MNRAS.461.3135B},
  adsnote = {Provided by the SAO/NASA Astrophysics Data System}
}


@ARTICLE{beardsley16,
   author = {{Beardsley}, A.~P. and {Hazelton}, B.~J. and {Sullivan}, I.~S. and 
	{Carroll}, P. and {Barry}, N. and {Rahimi}, M. and {Pindor}, B. and 
	{Trott}, C.~M. and {Line}, J. and {Jacobs}, D.~C. and {Morales}, M.~F. and 
	{Pober}, J.~C. and {Bernardi}, G. and {Bowman}, J.~D. and {Busch}, M.~P. and 
	{Briggs}, F. and {Cappallo}, R.~J. and {Corey}, B.~E. and {de Oliveira-Costa}, A. and 
	{Dillon}, J.~S. and {Emrich}, D. and {Ewall-Wice}, A. and {Feng}, L. and 
	{Gaensler}, B.~M. and {Goeke}, R. and {Greenhill}, L.~J. and 
	{Hewitt}, J.~N. and {Hurley-Walker}, N. and {Johnston-Hollitt}, M. and 
	{Kaplan}, D.~L. and {Kasper}, J.~C. and {Kim}, H.~S. and {Kratzenberg}, E. and 
	{Lenc}, E. and {Loeb}, A. and {Lonsdale}, C.~J. and {Lynch}, M.~J. and 
	{McKinley}, B. and {McWhirter}, S.~R. and {Mitchell}, D.~A. and 
	{Morgan}, E. and {Neben}, A.~R. and {Thyagarajan}, N. and {Oberoi}, D. and 
	{Offringa}, A.~R. and {Ord}, S.~M. and {Paul}, S. and {Prabu}, T. and 
	{Procopio}, P. and {Riding}, J. and {Rogers}, A.~E.~E. and {Roshi}, A. and 
	{Udaya Shankar}, N. and {Sethi}, S.~K. and {Srivani}, K.~S. and 
	{Subrahmanyan}, R. and {Tegmark}, M. and {Tingay}, S.~J. and 
	{Waterson}, M. and {Wayth}, R.~B. and {Webster}, R.~L. and {Whitney}, A.~R. and 
	{Williams}, A. and {Williams}, C.~L. and {Wu}, C. and {Wyithe}, J.~S.~B.
	},
    title = "{First Season MWA EoR Power spectrum Results at Redshift 7}",
  journal = {\apj},
archivePrefix = "arXiv",
   eprint = {1608.06281},
 primaryClass = "astro-ph.IM",
 keywords = {cosmology: observations, cosmology: reionization},
     year = 2016,
    month = dec,
   volume = 833,
      eid = {102},
    pages = {102},
      doi = {10.3847/1538-4357/833/1/102},
   adsurl = {https://ui.adsabs.harvard.edu/abs/2016ApJ...833..102B},
  adsnote = {Provided by the SAO/NASA Astrophysics Data System}
}


@ARTICLE{bernardi09,
   author = {{Bernardi}, G. and {de Bruyn}, A.~G. and {Brentjens}, M.~A. and 
	{Ciardi}, B. and {Harker}, G. and {Jeli{\'c}}, V. and {Koopmans}, L.~V.~E. and 
	{Labropoulos}, P. and {Offringa}, A. and {Pandey}, V.~N. and 
	{Schaye}, J. and {Thomas}, R.~M. and {Yatawatta}, S. and {Zaroubi}, S.
	},
    title = "{Foregrounds for observations of the cosmological 21 cm line. I. First Westerbork measurements of Galactic emission at 150 MHz in a low latitude field}",
  journal = {\aap},
archivePrefix = "arXiv",
   eprint = {0904.0404},
 keywords = {polarization, cosmology: diffuse radiation, cosmology: observations, radio continuum: general, ISM: general, ISM: magnetic fields},
     year = 2009,
    month = jun,
   volume = 500,
    pages = {965-979},
      doi = {10.1051/0004-6361/200911627},
   adsurl = {https://ui.adsabs.harvard.edu/abs/2009A%26A...500..965B},
  adsnote = {Provided by the SAO/NASA Astrophysics Data System}
}


@ARTICLE{bernardi10,
   author = {{Bernardi}, G. and {de Bruyn}, A.~G. and {Harker}, G. and {Brentjens}, M.~A. and 
	{Ciardi}, B. and {Jeli{\'c}}, V. and {Koopmans}, L.~V.~E. and 
	{Labropoulos}, P. and {Offringa}, A. and {Pandey}, V.~N. and 
	{Schaye}, J. and {Thomas}, R.~M. and {Yatawatta}, S. and {Zaroubi}, S.
	},
    title = "{Foregrounds for observations of the cosmological 21 cm line. II. Westerbork observations of the fields around 3C 196 and the North Celestial Pole}",
  journal = {\aap},
archivePrefix = "arXiv",
   eprint = {1002.4177},
 keywords = {polarization, diffuse radiation, cosmology: observations, ISM: general},
     year = 2010,
    month = nov,
   volume = 522,
      eid = {A67},
    pages = {A67},
      doi = {10.1051/0004-6361/200913420},
   adsurl = {https://ui.adsabs.harvard.edu/abs/2010A%26A...522A..67B},
  adsnote = {Provided by the SAO/NASA Astrophysics Data System}
}


@ARTICLE{bernardi11,
   author = {{Bernardi}, G. and {Mitchell}, D.~A. and {Ord}, S.~M. and {Greenhill}, L.~J. and 
	{Pindor}, B. and {Wayth}, R.~B. and {Wyithe}, J.~S.~B.},
    title = "{Subtraction of point sources from interferometric radio images through an algebraic forward modelling scheme}",
  journal = {\mnras},
archivePrefix = "arXiv",
   eprint = {1012.3719},
 keywords = {methods: data analysis, methods: numerical, techniques: interferometric, cosmology: observations, dark ages, reionization, first stars, diffuse radiation},
     year = 2011,
    month = may,
   volume = 413,
    pages = {411-422},
      doi = {10.1111/j.1365-2966.2010.18145.x},
   adsurl = {https://ui.adsabs.harvard.edu/abs/2011MNRAS.413..411B},
  adsnote = {Provided by the SAO/NASA Astrophysics Data System}
}


@ARTICLE{bernardi13,
   author = {{Bernardi}, G. and {Greenhill}, L.~J. and {Mitchell}, D.~A. and 
	{Ord}, S.~M. and {Hazelton}, B.~J. and {Gaensler}, B.~M. and 
	{de Oliveira-Costa}, A. and {Morales}, M.~F. and {Udaya Shankar}, N. and 
	{Subrahmanyan}, R. and {Wayth}, R.~B. and {Lenc}, E. and {Williams}, C.~L. and 
	{Arcus}, W. and {Arora}, B.~S. and {Barnes}, D.~G. and {Bowman}, J.~D. and 
	{Briggs}, F.~H. and {Bunton}, J.~D. and {Cappallo}, R.~J. and 
	{Corey}, B.~E. and {Deshpande}, A. and {deSouza}, L. and {Emrich}, D. and 
	{Goeke}, R. and {Herne}, D. and {Hewitt}, J.~N. and {Johnston-Hollitt}, M. and 
	{Kaplan}, D. and {Kasper}, J.~C. and {Kincaid}, B.~B. and {Koenig}, R. and 
	{Kratzenberg}, E. and {Lonsdale}, C.~J. and {Lynch}, M.~J. and 
	{McWhirter}, S.~R. and {Morgan}, E. and {Oberoi}, D. and {Pathikulangara}, J. and 
	{Prabu}, T. and {Remillard}, R.~A. and {Rogers}, A.~E.~E. and 
	{Roshi}, A. and {Salah}, J.~E. and {Sault}, R.~J. and {Srivani}, K.~S. and 
	{Stevens}, J. and {Tingay}, S.~J. and {Waterson}, M. and {Webster}, R.~L. and 
	{Whitney}, A.~R. and {Williams}, A. and {Wyithe}, J.~S.~B.},
    title = "{A 189 MHz, 2400 deg$^{2}$ Polarization Survey with the Murchison Widefield Array 32-element Prototype}",
  journal = {\apj},
archivePrefix = "arXiv",
   eprint = {1305.6047},
 keywords = {diffuse radiation, ISM: magnetic fields, polarization, radio continuum: general, surveys, techniques: interferometric},
     year = 2013,
    month = jul,
   volume = 771,
      eid = {105},
    pages = {105},
      doi = {10.1088/0004-637X/771/2/105},
   adsurl = {https://ui.adsabs.harvard.edu/abs/2013ApJ...771..105B},
  adsnote = {Provided by the SAO/NASA Astrophysics Data System}
}


@ARTICLE{bhatnagar08,
   author = {{Bhatnagar}, S. and {Cornwell}, T.~J. and {Golap}, K. and {Uson}, J.~M.
	},
    title = "{Correcting direction-dependent gains in the deconvolution of radio interferometric images}",
  journal = {\aap},
archivePrefix = "arXiv",
   eprint = {0805.0834},
 keywords = {methods: data analysis, techniques: interferometic, techniques: image processing, techniques: polarimetric},
     year = 2008,
    month = aug,
   volume = 487,
    pages = {419-429},
      doi = {10.1051/0004-6361:20079284},
   adsurl = {https://ui.adsabs.harvard.edu/abs/2008A%26A...487..419B},
  adsnote = {Provided by the SAO/NASA Astrophysics Data System}
}


@ARTICLE{byrne19,
   author = {{Byrne}, R. and {Morales}, M.~F. and {Hazelton}, B. and {Li}, W. and 
	{Barry}, N. and {Beardsley}, A.~P. and {Joseph}, R. and {Pober}, J. and 
	{Sullivan}, I. and {Trott}, C.},
    title = "{Fundamental Limitations on the Calibration of Redundant 21 cm Cosmology Instruments and Implications for HERA and the SKA}",
  journal = {\apj},
archivePrefix = "arXiv",
   eprint = {1811.01378},
 primaryClass = "astro-ph.IM",
 keywords = {dark ages, reionization, first stars, instrumentation: interferometers, methods: data analysis, techniques: interferometric },
     year = 2019,
    month = apr,
   volume = 875,
      eid = {70},
    pages = {70},
      doi = {10.3847/1538-4357/ab107d},
   adsurl = {https://ui.adsabs.harvard.edu/abs/2019ApJ...875...70B},
  adsnote = {Provided by the SAO/NASA Astrophysics Data System}
}


@ARTICLE{carroll16,
   author = {{Carroll}, P.~A. and {Line}, J. and {Morales}, M.~F. and {Barry}, N. and 
	{Beardsley}, A.~P. and {Hazelton}, B.~J. and {Jacobs}, D.~C. and 
	{Pober}, J.~C. and {Sullivan}, I.~S. and {Webster}, R.~L. and 
	{Bernardi}, G. and {Bowman}, J.~D. and {Briggs}, F. and {Cappallo}, R.~J. and 
	{Corey}, B.~E. and {de Oliveira-Costa}, A. and {Dillon}, J.~S. and 
	{Emrich}, D. and {Ewall-Wice}, A. and {Feng}, L. and {Gaensler}, B.~M. and 
	{Goeke}, R. and {Greenhill}, L.~J. and {Hewitt}, J.~N. and {Hurley-Walker}, N. and 
	{Johnston-Hollitt}, M. and {Kaplan}, D.~L. and {Kasper}, J.~C. and 
	{Kim}, H. and {Kratzenberg}, E. and {Lenc}, E. and {Loeb}, A. and 
	{Lonsdale}, C.~J. and {Lynch}, M.~J. and {McKinley}, B. and 
	{McWhirter}, S.~R. and {Mitchell}, D.~A. and {Morgan}, E. and 
	{Neben}, A.~R. and {Oberoi}, D. and {Offringa}, A.~R. and {Ord}, S.~M. and 
	{Paul}, S. and {Pindor}, B. and {Prabu}, T. and {Procopio}, P. and 
	{Riding}, J. and {Rogers}, A.~E.~E. and {Roshi}, A. and {Shankar}, N.~U. and 
	{Sethi}, S.~K. and {Srivani}, K.~S. and {Subrahmanyan}, R. and 
	{Tegmark}, M. and {Thyagarajan}, N. and {Tingay}, S.~J. and 
	{Trott}, C.~M. and {Waterson}, M. and {Wayth}, R.~B. and {Whitney}, A.~R. and 
	{Williams}, A. and {Williams}, C.~L. and {Wu}, C. and {Wyithe}, J.~S.~B.
	},
    title = "{A high reliability survey of discrete Epoch of Reionization foreground sources in the MWA EoR0 field}",
  journal = {\mnras},
archivePrefix = "arXiv",
   eprint = {1607.03861},
 primaryClass = "astro-ph.IM",
 keywords = {catalogues},
     year = 2016,
    month = oct,
   volume = 461,
    pages = {4151-4175},
      doi = {10.1093/mnras/stw1599},
   adsurl = {https://ui.adsabs.harvard.edu/abs/2016MNRAS.461.4151C},
  adsnote = {Provided by the SAO/NASA Astrophysics Data System}
}


@ARTICLE{choudhuri17,
   author = {{Choudhuri}, S. and {Bharadwaj}, S. and {Ali}, S.~S. and {Roy}, N. and 
	{Intema}, H.~T. and {Ghosh}, A.},
    title = "{The angular power spectrum measurement of the Galactic synchrotron emission in two fields of the TGSS survey}",
  journal = {\mnras},
archivePrefix = "arXiv",
   eprint = {1704.08642},
 keywords = {methods: data analysis, methods: statistical, techniques: interferometric, diffuse radiation},
     year = 2017,
    month = sep,
   volume = 470,
    pages = {L11-L15},
      doi = {10.1093/mnrasl/slx066},
   adsurl = {https://ui.adsabs.harvard.edu/abs/2017MNRAS.470L..11C},
  adsnote = {Provided by the SAO/NASA Astrophysics Data System}
}


@ARTICLE{cornwell81,
   author = {{Cornwell}, T.~J. and {Wilkinson}, P.~N.},
    title = "{A new method for making maps with unstable radio interferometers}",
  journal = {\mnras},
 keywords = {Astronomical Maps, Mapping, Radio Astronomy, Radio Interferometers, Computer Programs, Error Analysis, Quasars, Radio Telescopes, Signal To Noise Ratios, Very Long Base Interferometry},
     year = 1981,
    month = sep,
   volume = 196,
    pages = {1067-1086},
      doi = {10.1093/mnras/196.4.1067},
   adsurl = {https://ui.adsabs.harvard.edu/abs/1981MNRAS.196.1067C},
  adsnote = {Provided by the SAO/NASA Astrophysics Data System}
}


@ARTICLE{datta12,
   author = {{Datta}, K.~K. and {Friedrich}, M.~M. and {Mellema}, G. and 
	{Iliev}, I.~T. and {Shapiro}, P.~R.},
    title = "{Prospects of observing a quasar H II region during the epoch of reionization with the redshifted 21-cm signal}",
  journal = {\mnras},
archivePrefix = "arXiv",
   eprint = {1203.0517},
 keywords = {radiative transfer, methods: numerical, H II regions, intergalactic medium, quasars: general, dark ages, reionization, first stars},
     year = 2012,
    month = jul,
   volume = 424,
    pages = {762-778},
      doi = {10.1111/j.1365-2966.2012.21268.x},
   adsurl = {https://ui.adsabs.harvard.edu/abs/2012MNRAS.424..762D},
  adsnote = {Provided by the SAO/NASA Astrophysics Data System}
}


@ARTICLE{deleraacedo17,
   author = {{de Lera Acedo}, E. and {Trott}, C.~M. and {Wayth}, R.~B. and 
	{Fagnoni}, N. and {Bernardi}, G. and {Wakley}, B. and {Koopmans}, L.~V.~E. and 
	{Faulkner}, A.~J. and {bij de Vaate}, J.~G.},
    title = "{Spectral performance of SKA Log-periodic Antennas I: mitigating spectral artefacts in SKA1-LOW 21 cm cosmology experiments}",
  journal = {\mnras},
archivePrefix = "arXiv",
   eprint = {1702.05126},
 primaryClass = "astro-ph.IM",
 keywords = {instrumentation: detectors, dark ages, reionization, first stars},
     year = 2017,
    month = aug,
   volume = 469,
    pages = {2662-2671},
      doi = {10.1093/mnras/stx904},
   adsurl = {https://ui.adsabs.harvard.edu/abs/2017MNRAS.469.2662D},
  adsnote = {Provided by the SAO/NASA Astrophysics Data System}
}


@ARTICLE{deleraacedo18,
   author = {{de Lera Acedo}, E. and {Bolli}, P. and {Paonessa}, F. and {Virone}, G. and 
	{Colin-Beltran}, E. and {Razavi-Ghods}, N. and {Aicardi}, I. and 
	{Lingua}, A. and {Maschio}, P. and {Monari}, J. and {Naldi}, G. and 
	{Piras}, M. and {Pupillo}, G.},
    title = "{SKA aperture array verification system: electromagnetic modeling and beam pattern measurements using a micro UAV}",
  journal = {Experimental Astronomy},
archivePrefix = "arXiv",
   eprint = {1703.00537},
 primaryClass = "astro-ph.IM",
 keywords = {Radio astronomy, Beam pattern measurements, Phased arrays, Unmanned aerial vehicles},
     year = 2018,
    month = mar,
   volume = 45,
    pages = {1-20},
      doi = {10.1007/s10686-017-9566-x},
   adsurl = {https://ui.adsabs.harvard.edu/abs/2018ExA....45....1D},
  adsnote = {Provided by the SAO/NASA Astrophysics Data System}
}


@ARTICLE{dickinson04,
   author = {{Dickinson}, C. and {Battye}, R.~A. and {Carreira}, P. and {Cleary}, K. and 
	{Davies}, R.~D. and {Davis}, R.~J. and {Genova-Santos}, R. and 
	{Grainge}, K. and {Guti{\'e}rrez}, C.~M. and {Hafez}, Y.~A. and 
	{Hobson}, M.~P. and {Jones}, M.~E. and {Kneissl}, R. and {Lancaster}, K. and 
	{Lasenby}, A. and {Leahy}, J.~P. and {Maisinger}, K. and {{\"O}dman}, C. and 
	{Pooley}, G. and {Rajguru}, N. and {Rebolo}, R. and {Rubi{\~n}o-Martin}, J.~A. and 
	{Saunders}, R.~D.~E. and {Savage}, R.~S. and {Scaife}, A. and 
	{Scott}, P.~F. and {Slosar}, A. and {Sosa Molina}, P. and {Taylor}, A.~C. and 
	{Titterington}, D. and {Waldram}, E. and {Watson}, R.~A. and 
	{Wilkinson}, A.},
    title = "{High-sensitivity measurements of the cosmic microwave background power spectrum with the extended Very Small Array}",
  journal = {\mnras},
   eprint = {astro-ph/0402498},
 keywords = {techniques: interferometric, cosmic microwave background, cosmology: observations},
     year = 2004,
    month = sep,
   volume = 353,
    pages = {732-746},
      doi = {10.1111/j.1365-2966.2004.08206.x},
   adsurl = {https://ui.adsabs.harvard.edu/abs/2004MNRAS.353..732D},
  adsnote = {Provided by the SAO/NASA Astrophysics Data System}
}


@ARTICLE{dillon18,
   author = {{Dillon}, J.~S. and {Kohn}, S.~A. and {Parsons}, A.~R. and {Aguirre}, J.~E. and 
	{Ali}, Z.~S. and {Bernardi}, G. and {Kern}, N.~S. and {Li}, W. and 
	{Liu}, A. and {Nunhokee}, C.~D. and {Pober}, J.~C.},
    title = "{Polarized redundant-baseline calibration for 21 cm cosmology without adding spectral structure}",
  journal = {\mnras},
archivePrefix = "arXiv",
   eprint = {1712.07212},
 primaryClass = "astro-ph.IM",
 keywords = {instrumentation: interferometers, dark ages, reionization, first stars},
     year = 2018,
    month = jul,
   volume = 477,
    pages = {5670-5681},
      doi = {10.1093/mnras/sty1060},
   adsurl = {https://ui.adsabs.harvard.edu/abs/2018MNRAS.477.5670D},
  adsnote = {Provided by the SAO/NASA Astrophysics Data System}
}


@ARTICLE{dowell17,
   author = {{Dowell}, J. and {Taylor}, G.~B. and {Schinzel}, F.~K. and {Kassim}, N.~E. and 
	{Stovall}, K.},
    title = "{The LWA1 Low Frequency Sky Survey}",
  journal = {\mnras},
archivePrefix = "arXiv",
   eprint = {1705.05819},
 primaryClass = "astro-ph.IM",
 keywords = {techniques: interferometric, Galaxy: general, radio continuum: general},
     year = 2017,
    month = aug,
   volume = 469,
    pages = {4537-4550},
      doi = {10.1093/mnras/stx1136},
   adsurl = {https://ui.adsabs.harvard.edu/abs/2017MNRAS.469.4537D},
  adsnote = {Provided by the SAO/NASA Astrophysics Data System}
}


@ARTICLE{ewall-wice17,
   author = {{Ewall-Wice}, A. and {Dillon}, J.~S. and {Liu}, A. and {Hewitt}, J.
	},
    title = "{The impact of modelling errors on interferometer calibration for 21 cm power spectra}",
  journal = {\mnras},
archivePrefix = "arXiv",
   eprint = {1610.02689},
 keywords = {instrumentation: interferometers, techniques: interferometric, dark ages, reionization, first stars - radio lines: general},
     year = 2017,
    month = sep,
   volume = 470,
    pages = {1849-1870},
      doi = {10.1093/mnras/stx1221},
   adsurl = {https://ui.adsabs.harvard.edu/abs/2017MNRAS.470.1849E},
  adsnote = {Provided by the SAO/NASA Astrophysics Data System}
}


@ARTICLE{geil11,
   author = {{Geil}, P.~M. and {Gaensler}, B.~M. and {Wyithe}, J.~S.~B.},
    title = "{Polarized foreground removal at low radio frequencies using rotation measure synthesis: uncovering the signature of hydrogen reionization}",
  journal = {\mnras},
archivePrefix = "arXiv",
   eprint = {1011.2321},
 keywords = {instrumentation: interferometers, techniques: polarimetric, cosmology: observations, cosmology: theory, diffuse radiation, radio continuum: general},
     year = 2011,
    month = nov,
   volume = 418,
    pages = {516-535},
      doi = {10.1111/j.1365-2966.2011.19509.x},
   adsurl = {https://ui.adsabs.harvard.edu/abs/2011MNRAS.418..516G},
  adsnote = {Provided by the SAO/NASA Astrophysics Data System}
}


@ARTICLE{grobler14,
   author = {{Grobler}, T.~L. and {Nunhokee}, C.~D. and {Smirnov}, O.~M. and 
	{van Zyl}, A.~J. and {de Bruyn}, A.~G.},
    title = "{Calibration artefacts in radio interferometry - I. Ghost sources in Westerbork Synthesis Radio Telescope data}",
  journal = {\mnras},
archivePrefix = "arXiv",
   eprint = {1402.1373},
 primaryClass = "astro-ph.IM",
 keywords = {instrumentation: interferometers, methods: analytical, methods: numerical, techniques: interferometric},
     year = 2014,
    month = apr,
   volume = 439,
    pages = {4030-4047},
      doi = {10.1093/mnras/stu268},
   adsurl = {https://ui.adsabs.harvard.edu/abs/2014MNRAS.439.4030G},
  adsnote = {Provided by the SAO/NASA Astrophysics Data System}
}


@ARTICLE{grobler16,
   author = {{Grobler}, T.~L. and {Stewart}, A.~J. and {Wijnholds}, S.~J. and 
	{Kenyon}, J.~S. and {Smirnov}, O.~M.},
    title = "{Calibration artefacts in radio interferometry - III. Phase-only calibration and primary beam correction}",
  journal = {\mnras},
archivePrefix = "arXiv",
   eprint = {1606.06320},
 primaryClass = "astro-ph.IM",
 keywords = {instrumentation: interferometers, methods: analytical, methods: data analysis, techniques: interferometric},
     year = 2016,
    month = sep,
   volume = 461,
    pages = {2975-2992},
      doi = {10.1093/mnras/stw1437},
   adsurl = {https://ui.adsabs.harvard.edu/abs/2016MNRAS.461.2975G},
  adsnote = {Provided by the SAO/NASA Astrophysics Data System}
}


@ARTICLE{grobler18,
   author = {{Grobler}, T.~L. and {Bernardi}, G. and {Kenyon}, J.~S. and 
	{Parsons}, A.~R. and {Smirnov}, O.~M.},
    title = "{Redundant interferometric calibration as a complex optimization problem}",
  journal = {\mnras},
archivePrefix = "arXiv",
   eprint = {1801.03249},
 primaryClass = "astro-ph.IM",
 keywords = {instrumentation: interferometers, methods: data analysis, methods: numerical, techniques: interferometric, cosmology: observations},
     year = 2018,
    month = may,
   volume = 476,
    pages = {2410-2420},
      doi = {10.1093/mnras/sty357},
   adsurl = {https://ui.adsabs.harvard.edu/abs/2018MNRAS.476.2410G},
  adsnote = {Provided by the SAO/NASA Astrophysics Data System}
}


@ARTICLE{halverson02,
   author = {{Halverson}, N.~W. and {Leitch}, E.~M. and {Pryke}, C. and {Kovac}, J. and 
	{Carlstrom}, J.~E. and {Holzapfel}, W.~L. and {Dragovan}, M. and 
	{Cartwright}, J.~K. and {Mason}, B.~S. and {Padin}, S. and {Pearson}, T.~J. and 
	{Readhead}, A.~C.~S. and {Shepherd}, M.~C.},
    title = "{Degree Angular Scale Interferometer First Results: A Measurement of the Cosmic Microwave Background Angular Power Spectrum}",
  journal = {\apj},
   eprint = {astro-ph/0104489},
 keywords = {Cosmology: Cosmic Microwave Background, Cosmology: Observations, Techniques: Interferometric},
     year = 2002,
    month = mar,
   volume = 568,
    pages = {38-45},
      doi = {10.1086/338879},
   adsurl = {https://ui.adsabs.harvard.edu/abs/2002ApJ...568...38H},
  adsnote = {Provided by the SAO/NASA Astrophysics Data System}
}


@ARTICLE{hamaker96,
   author = {{Hamaker}, J.~P. and {Bregman}, J.~D. and {Sault}, R.~J.},
    title = "{Understanding radio polarimetry. I. Mathematical foundations.}",
  journal = {\aaps},
 keywords = {METHODS: ANALYTICAL, METHODS: DATA ANALYSIS, TECHNIQUES: INTERFEROMETERS, TECHNIQUES: POLARIMETERS},
     year = 1996,
    month = may,
   volume = 117,
    pages = {137-147},
   adsurl = {https://ui.adsabs.harvard.edu/abs/1996A%26AS..117..137H},
  adsnote = {Provided by the SAO/NASA Astrophysics Data System}
}


@ARTICLE{harker10,
   author = {{Harker}, G. and {Zaroubi}, S. and {Bernardi}, G. and {Brentjens}, M.~A. and 
	{de Bruyn}, A.~G. and {Ciardi}, B. and {Jeli{\'c}}, V. and {Koopmans}, L.~V.~E. and 
	{Labropoulos}, P. and {Mellema}, G. and {Offringa}, A. and {Pandey}, V.~N. and 
	{Pawlik}, A.~H. and {Schaye}, J. and {Thomas}, R.~M. and {Yatawatta}, S.
	},
    title = "{Power spectrum extraction for redshifted 21-cm Epoch of Reionization experiments: the LOFAR case}",
  journal = {\mnras},
archivePrefix = "arXiv",
   eprint = {1003.0965},
 primaryClass = "astro-ph.CO",
 keywords = {cosmology: theory, diffuse radiation, methods: statistical, radio lines: general},
     year = 2010,
    month = jul,
   volume = 405,
    pages = {2492-2504},
      doi = {10.1111/j.1365-2966.2010.16628.x},
   adsurl = {https://ui.adsabs.harvard.edu/abs/2010MNRAS.405.2492H},
  adsnote = {Provided by the SAO/NASA Astrophysics Data System}
}


@ARTICLE{hurley-walker17,
   author = {{Hurley-Walker}, N. and {Callingham}, J.~R. and {Hancock}, P.~J. and 
	{Franzen}, T.~M.~O. and {Hindson}, L. and {Kapi{\'n}ska}, A.~D. and 
	{Morgan}, J. and {Offringa}, A.~R. and {Wayth}, R.~B. and {Wu}, C. and 
	{Zheng}, Q. and {Murphy}, T. and {Bell}, M.~E. and {Dwarakanath}, K.~S. and 
	{For}, B. and {Gaensler}, B.~M. and {Johnston-Hollitt}, M. and 
	{Lenc}, E. and {Procopio}, P. and {Staveley-Smith}, L. and {Ekers}, R. and 
	{Bowman}, J.~D. and {Briggs}, F. and {Cappallo}, R.~J. and {Deshpande}, A.~A. and 
	{Greenhill}, L. and {Hazelton}, B.~J. and {Kaplan}, D.~L. and 
	{Lonsdale}, C.~J. and {McWhirter}, S.~R. and {Mitchell}, D.~A. and 
	{Morales}, M.~F. and {Morgan}, E. and {Oberoi}, D. and {Ord}, S.~M. and 
	{Prabu}, T. and {Shankar}, N.~U. and {Srivani}, K.~S. and {Subrahmanyan}, R. and 
	{Tingay}, S.~J. and {Webster}, R.~L. and {Williams}, A. and 
	{Williams}, C.~L.},
    title = "{GaLactic and Extragalactic All-sky Murchison Widefield Array (GLEAM) survey - I. A low-frequency extragalactic catalogue}",
  journal = {\mnras},
archivePrefix = "arXiv",
   eprint = {1610.08318},
 keywords = {techniques: interferometric, surveys, galaxies: general},
     year = 2017,
    month = jan,
   volume = 464,
    pages = {1146-1167},
      doi = {10.1093/mnras/stw2337},
   adsurl = {https://ui.adsabs.harvard.edu/abs/2017MNRAS.464.1146H},
  adsnote = {Provided by the SAO/NASA Astrophysics Data System}
}


@ARTICLE{iacobelli13,
   author = {{Iacobelli}, M. and {Haverkorn}, M. and {Orr{\'u}}, E. and {Pizzo}, R.~F. and 
	{Anderson}, J. and {Beck}, R. and {Bell}, M.~R. and {Bonafede}, A. and 
	{Chyzy}, K. and {Dettmar}, R.-J. and {En{\ss}lin}, T.~A. and 
	{Heald}, G. and {Horellou}, C. and {Horneffer}, A. and {Jurusik}, W. and 
	{Junklewitz}, H. and {Kuniyoshi}, M. and {Mulcahy}, D.~D. and 
	{Paladino}, R. and {Reich}, W. and {Scaife}, A. and {Sobey}, C. and 
	{Sotomayor-Beltran}, C. and {Alexov}, A. and {Asgekar}, A. and 
	{Avruch}, I.~M. and {Bell}, M.~E. and {van Bemmel}, I. and {Bentum}, M.~J. and 
	{Bernardi}, G. and {Best}, P. and {B{\i}rzan}, L. and {Breitling}, F. and 
	{Broderick}, J. and {Brouw}, W.~N. and {Br{\"u}ggen}, M. and 
	{Butcher}, H.~R. and {Ciardi}, B. and {Conway}, J.~E. and {de Gasperin}, F. and 
	{de Geus}, E. and {Duscha}, S. and {Eisl{\"o}ffel}, J. and {Engels}, D. and 
	{Falcke}, H. and {Fallows}, R.~A. and {Ferrari}, C. and {Frieswijk}, W. and 
	{Garrett}, M.~A. and {Grie{\ss}meier}, J. and {Gunst}, A.~W. and 
	{Hamaker}, J.~P. and {Hassall}, T.~E. and {Hessels}, J.~W.~T. and 
	{Hoeft}, M. and {H{\"o}randel}, J. and {Jelic}, V. and {Karastergiou}, A. and 
	{Kondratiev}, V.~I. and {Koopmans}, L.~V.~E. and {Kramer}, M. and 
	{Kuper}, G. and {van Leeuwen}, J. and {Macario}, G. and {Mann}, G. and 
	{McKean}, J.~P. and {Munk}, H. and {Pandey-Pommier}, M. and 
	{Polatidis}, A.~G. and {R{\"o}ttgering}, H. and {Schwarz}, D. and 
	{Sluman}, J. and {Smirnov}, O. and {Stappers}, B.~W. and {Steinmetz}, M. and 
	{Tagger}, M. and {Tang}, Y. and {Tasse}, C. and {Toribio}, C. and 
	{Vermeulen}, R. and {Vocks}, C. and {Vogt}, C. and {van Weeren}, R.~J. and 
	{Wise}, M.~W. and {Wucknitz}, O. and {Yatawatta}, S. and {Zarka}, P. and 
	{Zensus}, A.},
    title = "{Studying Galactic interstellar turbulence through fluctuations in synchrotron emission. First LOFAR Galactic foreground detection}",
  journal = {\aap},
archivePrefix = "arXiv",
   eprint = {1308.2804},
 primaryClass = "astro-ph.GA",
 keywords = {ISM: general, ISM: magnetic fields, ISM: structure, radio continuum: general, radio continuum: ISM, techniques: interferometric},
     year = 2013,
    month = oct,
   volume = 558,
      eid = {A72},
    pages = {A72},
      doi = {10.1051/0004-6361/201322013},
   adsurl = {https://ui.adsabs.harvard.edu/abs/2013A%26A...558A..72I},
  adsnote = {Provided by the SAO/NASA Astrophysics Data System}
}


@ARTICLE{intema09,
   author = {{Intema}, H.~T. and {van der Tol}, S. and {Cotton}, W.~D. and 
	{Cohen}, A.~S. and {van Bemmel}, I.~M. and {R{\"o}ttgering}, H.~J.~A.
	},
    title = "{Ionospheric calibration of low frequency radio interferometric observations using the peeling scheme. I. Method description and first results}",
  journal = {\aap},
archivePrefix = "arXiv",
   eprint = {0904.3975},
 primaryClass = "astro-ph.IM",
 keywords = {atmospheric effects, methods: numerical, techniques: interferometric},
     year = 2009,
    month = jul,
   volume = 501,
    pages = {1185-1205},
      doi = {10.1051/0004-6361/200811094},
   adsurl = {https://ui.adsabs.harvard.edu/abs/2009A%26A...501.1185I},
  adsnote = {Provided by the SAO/NASA Astrophysics Data System}
}


@ARTICLE{intema17,
   author = {{Intema}, H.~T. and {Jagannathan}, P. and {Mooley}, K.~P. and 
	{Frail}, D.~A.},
    title = "{The GMRT 150 MHz all-sky radio survey. First alternative data release TGSS ADR1}",
  journal = {\aap},
archivePrefix = "arXiv",
   eprint = {1603.04368},
 keywords = {surveys, catalogs, radio continuum: general, techniques: image processing},
     year = 2017,
    month = feb,
   volume = 598,
      eid = {A78},
    pages = {A78},
      doi = {10.1051/0004-6361/201628536},
   adsurl = {https://ui.adsabs.harvard.edu/abs/2017A%26A...598A..78I},
  adsnote = {Provided by the SAO/NASA Astrophysics Data System}
}


@ARTICLE{jacobs11,
   author = {{Jacobs}, D.~C. and {Aguirre}, J.~E. and {Parsons}, A.~R. and 
	{Pober}, J.~C. and {Bradley}, R.~F. and {Carilli}, C.~L. and 
	{Gugliucci}, N.~E. and {Manley}, J.~R. and {van der Merwe}, C. and 
	{Moore}, D.~F. and {Parashare}, C.~R.},
    title = "{New 145 MHz Source Measurements by PAPER in the Southern Sky}",
  journal = {\apjl},
archivePrefix = "arXiv",
   eprint = {1105.1367},
 primaryClass = "astro-ph.CO",
 keywords = {catalogs, dark ages, reionization, first stars, instrumentation: interferometers},
     year = 2011,
    month = jun,
   volume = 734,
      eid = {L34},
    pages = {L34},
      doi = {10.1088/2041-8205/734/2/L34},
   adsurl = {https://ui.adsabs.harvard.edu/abs/2011ApJ...734L..34J},
  adsnote = {Provided by the SAO/NASA Astrophysics Data System}
}


@ARTICLE{jacobs13,
   author = {{Jacobs}, D.~C. and {Parsons}, A.~R. and {Aguirre}, J.~E. and 
	{Ali}, Z. and {Bowman}, J. and {Bradley}, R.~F. and {Carilli}, C.~L. and 
	{DeBoer}, D.~R. and {Dexter}, M.~R. and {Gugliucci}, N.~E. and 
	{Klima}, P. and {MacMahon}, D.~H.~E. and {Manley}, J.~R. and 
	{Moore}, D.~F. and {Pober}, J.~C. and {Stefan}, I.~I. and {Walbrugh}, W.~P.
	},
    title = "{A Flux Scale for Southern Hemisphere 21 cm Epoch of Reionization Experiments}",
  journal = {\apj},
archivePrefix = "arXiv",
   eprint = {1307.7716},
 keywords = {dark ages, reionization, first stars, catalogs, instrumentation: interferometers},
     year = 2013,
    month = oct,
   volume = 776,
      eid = {108},
    pages = {108},
      doi = {10.1088/0004-637X/776/2/108},
   adsurl = {https://ui.adsabs.harvard.edu/abs/2013ApJ...776..108J},
  adsnote = {Provided by the SAO/NASA Astrophysics Data System}
}


@ARTICLE{jacobs15,
   author = {{Jacobs}, D.~C. and {Pober}, J.~C. and {Parsons}, A.~R. and 
	{Aguirre}, J.~E. and {Ali}, Z.~S. and {Bowman}, J. and {Bradley}, R.~F. and 
	{Carilli}, C.~L. and {DeBoer}, D.~R. and {Dexter}, M.~R. and 
	{Gugliucci}, N.~E. and {Klima}, P. and {Liu}, A. and {MacMahon}, D.~H.~E. and 
	{Manley}, J.~R. and {Moore}, D.~F. and {Stefan}, I.~I. and {Walbrugh}, W.~P.
	},
    title = "{Multiredshift Limits on the 21 cm Power Spectrum from PAPER}",
  journal = {\apj},
archivePrefix = "arXiv",
   eprint = {1408.3389},
 keywords = {dark ages, reionization, first stars, techniques: interferometric},
     year = 2015,
    month = mar,
   volume = 801,
      eid = {51},
    pages = {51},
      doi = {10.1088/0004-637X/801/1/51},
   adsurl = {https://ui.adsabs.harvard.edu/abs/2015ApJ...801...51J},
  adsnote = {Provided by the SAO/NASA Astrophysics Data System}
}


@ARTICLE{jacobs17,
   author = {{Jacobs}, D.~C. and {Burba}, J. and {Bowman}, J.~D. and {Neben}, A.~R. and 
	{Stinnett}, B. and {Turner}, L. and {Johnson}, K. and {Busch}, M. and 
	{Allison}, J. and {Leatham}, M. and {Serrano Rodriguez}, V. and 
	{Denney}, M. and {Nelson}, D.},
    title = "{First Demonstration of ECHO: an External Calibrator for Hydrogen Observatories}",
  journal = {\pasp},
     year = 2017,
    month = mar,
   volume = 129,
   number = 3,
    pages = {035002},
      doi = {10.1088/1538-3873/aa56b9},
   adsurl = {https://ui.adsabs.harvard.edu/abs/2017PASP..129c5002J},
  adsnote = {Provided by the SAO/NASA Astrophysics Data System}
}


@ARTICLE{jelic10,
   author = {{Jeli{\'c}}, V. and {Zaroubi}, S. and {Labropoulos}, P. and 
	{Bernardi}, G. and {de Bruyn}, A.~G. and {Koopmans}, L.~V.~E.
	},
    title = "{Realistic simulations of the Galactic polarized foreground: consequences for 21-cm reionization detection experiments}",
  journal = {\mnras},
archivePrefix = "arXiv",
   eprint = {1007.4135},
 keywords = {polarization, radiation mechanisms: non-thermal, instrumentation: interferometers, cosmology: observations, radio continuum: general},
     year = 2010,
    month = dec,
   volume = 409,
    pages = {1647-1659},
      doi = {10.1111/j.1365-2966.2010.17407.x},
   adsurl = {https://ui.adsabs.harvard.edu/abs/2010MNRAS.409.1647J},
  adsnote = {Provided by the SAO/NASA Astrophysics Data System}
}


@ARTICLE{jelic15,
   author = {{Jeli{\'c}}, V. and {de Bruyn}, A.~G. and {Pandey}, V.~N. and 
	{Mevius}, M. and {Haverkorn}, M. and {Brentjens}, M.~A. and 
	{Koopmans}, L.~V.~E. and {Zaroubi}, S. and {Abdalla}, F.~B. and 
	{Asad}, K.~M.~B. and {Bus}, S. and {Chapman}, E. and {Ciardi}, B. and 
	{Fernandez}, E.~R. and {Ghosh}, A. and {Harker}, G. and {Iliev}, I.~T. and 
	{Jensen}, H. and {Kazemi}, S. and {Mellema}, G. and {Offringa}, A.~R. and 
	{Patil}, A.~H. and {Vedantham}, H.~K. and {Yatawatta}, S.},
    title = "{Linear polarization structures in LOFAR observations of the interstellar medium in the 3C 196 field}",
  journal = {\aap},
archivePrefix = "arXiv",
   eprint = {1508.06650},
 keywords = {ISM: general, ISM: magnetic fields, ISM: structure, radio continuum: ISM, techniques: interferometric, techniques: polarimetric},
     year = 2015,
    month = nov,
   volume = 583,
      eid = {A137},
    pages = {A137},
      doi = {10.1051/0004-6361/201526638},
   adsurl = {https://ui.adsabs.harvard.edu/abs/2015A%26A...583A.137J},
  adsnote = {Provided by the SAO/NASA Astrophysics Data System}
}


@ARTICLE{jordan17,
   author = {{Jordan}, C.~H. and {Murray}, S. and {Trott}, C.~M. and {Wayth}, R.~B. and 
	{Mitchell}, D.~A. and {Rahimi}, M. and {Pindor}, B. and {Procopio}, P. and 
	{Morgan}, J.},
    title = "{Characterization of the ionosphere above the Murchison Radio Observatory using the Murchison Widefield Array}",
  journal = {\mnras},
archivePrefix = "arXiv",
   eprint = {1707.04978},
 primaryClass = "astro-ph.IM",
 keywords = {plasmas, atmospheric effects, instrumentation: interferometers, site testing},
     year = 2017,
    month = nov,
   volume = 471,
    pages = {3974-3987},
      doi = {10.1093/mnras/stx1797},
   adsurl = {https://ui.adsabs.harvard.edu/abs/2017MNRAS.471.3974J},
  adsnote = {Provided by the SAO/NASA Astrophysics Data System}
}


@ARTICLE{joseph18,
   author = {{Joseph}, R.~C. and {Trott}, C.~M. and {Wayth}, R.~B.},
    title = "{The Bias and Uncertainty of Redundant and Sky-based Calibration Under Realistic Sky and Telescope Conditions}",
  journal = {\aj},
archivePrefix = "arXiv",
   eprint = {1810.11237},
 primaryClass = "astro-ph.IM",
 keywords = {dark ages, reionization, first stars, instrumentation: interferometers, methods: numerical, methods: statistical, techniques: interferometric },
     year = 2018,
    month = dec,
   volume = 156,
      eid = {285},
    pages = {285},
      doi = {10.3847/1538-3881/aaec0b},
   adsurl = {https://ui.adsabs.harvard.edu/abs/2018AJ....156..285J},
  adsnote = {Provided by the SAO/NASA Astrophysics Data System}
}


@ARTICLE{kakiichi17,
   author = {{Kakiichi}, K. and {Majumdar}, S. and {Mellema}, G. and {Ciardi}, B. and 
	{Dixon}, K.~L. and {Iliev}, I.~T. and {Jeli{\'c}}, V. and {Koopmans}, L.~V.~E. and 
	{Zaroubi}, S. and {Busch}, P.},
    title = "{Recovering the H II region size statistics from 21-cm tomography}",
  journal = {\mnras},
archivePrefix = "arXiv",
   eprint = {1702.02520},
 keywords = {radiative transfer, methods: data analysis, techniques: image processing, intergalactic medium, dark ages, reionization, first stars, cosmology: theory},
     year = 2017,
    month = oct,
   volume = 471,
    pages = {1936-1954},
      doi = {10.1093/mnras/stx1568},
   adsurl = {https://ui.adsabs.harvard.edu/abs/2017MNRAS.471.1936K},
  adsnote = {Provided by the SAO/NASA Astrophysics Data System}
}


@ARTICLE{kazemi11,
   author = {{Kazemi}, S. and {Yatawatta}, S. and {Zaroubi}, S. and {Lampropoulos}, P. and 
	{de Bruyn}, A.~G. and {Koopmans}, L.~V.~E. and {Noordam}, J.
	},
    title = "{Radio interferometric calibration using the SAGE algorithm}",
  journal = {\mnras},
archivePrefix = "arXiv",
   eprint = {1012.1722},
 primaryClass = "astro-ph.IM",
 keywords = {methods: numerical, methods: statistical, techniques: interferometric},
     year = 2011,
    month = jun,
   volume = 414,
    pages = {1656-1666},
      doi = {10.1111/j.1365-2966.2011.18506.x},
   adsurl = {https://ui.adsabs.harvard.edu/abs/2011MNRAS.414.1656K},
  adsnote = {Provided by the SAO/NASA Astrophysics Data System}
}


@ARTICLE{lenc16,
   author = {{Lenc}, E. and {Gaensler}, B.~M. and {Sun}, X.~H. and {Sadler}, E.~M. and 
	{Willis}, A.~G. and {Barry}, N. and {Beardsley}, A.~P. and {Bell}, M.~E. and 
	{Bernardi}, G. and {Bowman}, J.~D. and {Briggs}, F. and {Callingham}, J.~R. and 
	{Cappallo}, R.~J. and {Carroll}, P. and {Corey}, B.~E. and {de Oliveira-Costa}, A. and 
	{Deshpande}, A.~A. and {Dillon}, J.~S. and {Dwarkanath}, K.~S. and 
	{Emrich}, D. and {Ewall-Wice}, A. and {Feng}, L. and {For}, B.-Q. and 
	{Goeke}, R. and {Greenhill}, L.~J. and {Hancock}, P. and {Hazelton}, B.~J. and 
	{Hewitt}, J.~N. and {Hindson}, L. and {Hurley-Walker}, N. and 
	{Johnston-Hollitt}, M. and {Jacobs}, D.~C. and {Kapi{\'n}ska}, A.~D. and 
	{Kaplan}, D.~L. and {Kasper}, J.~C. and {Kim}, H.-S. and {Kratzenberg}, E. and 
	{Line}, J. and {Loeb}, A. and {Lonsdale}, C.~J. and {Lynch}, M.~J. and 
	{McKinley}, B. and {McWhirter}, S.~R. and {Mitchell}, D.~A. and 
	{Morales}, M.~F. and {Morgan}, E. and {Morgan}, J. and {Murphy}, T. and 
	{Neben}, A.~R. and {Oberoi}, D. and {Offringa}, A.~R. and {Ord}, S.~M. and 
	{Paul}, S. and {Pindor}, B. and {Pober}, J.~C. and {Prabu}, T. and 
	{Procopio}, P. and {Riding}, J. and {Rogers}, A.~E.~E. and {Roshi}, A. and 
	{Udaya Shankar}, N. and {Sethi}, S.~K. and {Srivani}, K.~S. and 
	{Staveley-Smith}, L. and {Subrahmanyan}, R. and {Sullivan}, I.~S. and 
	{Tegmark}, M. and {Thyagarajan}, N. and {Tingay}, S.~J. and 
	{Trott}, C. and {Waterson}, M. and {Wayth}, R.~B. and {Webster}, R.~L. and 
	{Whitney}, A.~R. and {Williams}, A. and {Williams}, C.~L. and 
	{Wu}, C. and {Wyithe}, J.~S.~B. and {Zheng}, Q.},
    title = "{Low-frequency Observations of Linearly Polarized Structures in the Interstellar Medium near the South Galactic Pole}",
  journal = {\apj},
archivePrefix = "arXiv",
   eprint = {1607.05779},
 keywords = {ISM: magnetic fields, ISM: structure, magnetic fields, polarization, radio continuum: ISM, techniques: polarimetric},
     year = 2016,
    month = oct,
   volume = 830,
      eid = {38},
    pages = {38},
      doi = {10.3847/0004-637X/830/1/38},
   adsurl = {https://ui.adsabs.harvard.edu/abs/2016ApJ...830...38L},
  adsnote = {Provided by the SAO/NASA Astrophysics Data System}
}


@ARTICLE{li18,
   author = {{Li}, W. and {Pober}, J.~C. and {Hazelton}, B.~J. and {Barry}, N. and 
	{Morales}, M.~F. and {Sullivan}, I. and {Parsons}, A.~R. and 
	{Ali}, Z.~S. and {Dillon}, J.~S. and {Beardsley}, A.~P. and 
	{Bowman}, J.~D. and {Briggs}, F. and {Byrne}, R. and {Carroll}, P. and 
	{Crosse}, B. and {Emrich}, D. and {Ewall-Wice}, A. and {Feng}, L. and 
	{Franzen}, T.~M.~O. and {Hewitt}, J.~N. and {Horsley}, L. and 
	{Jacobs}, D.~C. and {Johnston-Hollitt}, M. and {Jordan}, C. and 
	{Joseph}, R.~C. and {Kaplan}, D.~L. and {Kenney}, D. and {Kim}, H. and 
	{Kittiwisit}, P. and {Lanman}, A. and {Line}, J. and {McKinley}, B. and 
	{Mitchell}, D.~A. and {Murray}, S. and {Neben}, A. and {Offringa}, A.~R. and 
	{Pallot}, D. and {Paul}, S. and {Pindor}, B. and {Procopio}, P. and 
	{Rahimi}, M. and {Riding}, J. and {Sethi}, S.~K. and {Udaya Shankar}, N. and 
	{Steele}, K. and {Subrahmanian}, R. and {Tegmark}, M. and {Thyagarajan}, N. and 
	{Tingay}, S.~J. and {Trott}, C. and {Walker}, M. and {Wayth}, R.~B. and 
	{Webster}, R.~L. and {Williams}, A. and {Wu}, C. and {Wyithe}, S.
	},
    title = "{Comparing Redundant and Sky-model-based Interferometric Calibration: A First Look with Phase II of the MWA}",
  journal = {\apj},
archivePrefix = "arXiv",
   eprint = {1807.05312},
 primaryClass = "astro-ph.IM",
 keywords = {dark ages, reionization, first stars, instrumentation: interferometers, methods: data analysis, techniques: interferometric },
     year = 2018,
    month = aug,
   volume = 863,
      eid = {170},
    pages = {170},
      doi = {10.3847/1538-4357/aad3c3},
   adsurl = {https://ui.adsabs.harvard.edu/abs/2018ApJ...863..170L},
  adsnote = {Provided by the SAO/NASA Astrophysics Data System}
}


@ARTICLE{liu10,
   author = {{Liu}, A. and {Tegmark}, M. and {Morrison}, S. and {Lutomirski}, A. and 
	{Zaldarriaga}, M.},
    title = "{Precision calibration of radio interferometers using redundant baselines}",
  journal = {\mnras},
archivePrefix = "arXiv",
   eprint = {1001.5268},
 primaryClass = "astro-ph.IM",
 keywords = {instrumentation: interferometers, methods: data analysis, cosmology: observations, radio continuum: general},
     year = 2010,
    month = oct,
   volume = 408,
    pages = {1029-1050},
      doi = {10.1111/j.1365-2966.2010.17174.x},
   adsurl = {https://ui.adsabs.harvard.edu/abs/2010MNRAS.408.1029L},
  adsnote = {Provided by the SAO/NASA Astrophysics Data System}
}


@ARTICLE{majumdar12,
   author = {{Majumdar}, S. and {Bharadwaj}, S. and {Choudhury}, T.~R.},
    title = "{Constrainingquasar and intergalactic medium properties through bubble detection in redshifted 21-cm maps}",
  journal = {\mnras},
archivePrefix = "arXiv",
   eprint = {1111.6354},
 primaryClass = "astro-ph.CO",
 keywords = {methods: data analysis, cosmology: theory, diffuse radiation},
     year = 2012,
    month = nov,
   volume = 426,
    pages = {3178-3194},
      doi = {10.1111/j.1365-2966.2012.21914.x},
   adsurl = {https://ui.adsabs.harvard.edu/abs/2012MNRAS.426.3178M},
  adsnote = {Provided by the SAO/NASA Astrophysics Data System}
}


@ARTICLE{mellema13,
   author = {{Mellema}, G. and {Koopmans}, L.~V.~E. and {Abdalla}, F.~A. and 
	{Bernardi}, G. and {Ciardi}, B. and {Daiboo}, S. and {de Bruyn}, A.~G. and 
	{Datta}, K.~K. and {Falcke}, H. and {Ferrara}, A. and {Iliev}, I.~T. and 
	{Iocco}, F. and {Jeli{\'c}}, V. and {Jensen}, H. and {Joseph}, R. and 
	{Labroupoulos}, P. and {Meiksin}, A. and {Mesinger}, A. and 
	{Offringa}, A.~R. and {Pandey}, V.~N. and {Pritchard}, J.~R. and 
	{Santos}, M.~G. and {Schwarz}, D.~J. and {Semelin}, B. and {Vedantham}, H. and 
	{Yatawatta}, S. and {Zaroubi}, S.},
    title = "{Reionization and the Cosmic Dawn with the Square Kilometre Array}",
  journal = {Experimental Astronomy},
archivePrefix = "arXiv",
   eprint = {1210.0197},
 keywords = {Cosmology: Observations, Dark ages, Reionization, First stars, Diffuse radiation, Intergalactic medium, Radio lines: General, Techniques: Interferometric},
     year = 2013,
    month = aug,
   volume = 36,
    pages = {235-318},
      doi = {10.1007/s10686-013-9334-5},
   adsurl = {https://ui.adsabs.harvard.edu/abs/2013ExA....36..235M},
  adsnote = {Provided by the SAO/NASA Astrophysics Data System}
}


@ARTICLE{mitchell08,
   author = {{Mitchell}, D.~A. and {Greenhill}, L.~J. and {Wayth}, R.~B. and 
	{Sault}, R.~J. and {Lonsdale}, C.~J. and {Cappallo}, R.~J. and 
	{Morales}, M.~F. and {Ord}, S.~M.},
    title = "{Real-Time Calibration of the Murchison Widefield Array}",
  journal = {IEEE Journal of Selected Topics in Signal Processing},
     year = 2008,
    month = nov,
   volume = 2,
    pages = {707-717},
      doi = {10.1109/JSTSP.2008.2005327},
   adsurl = {https://ui.adsabs.harvard.edu/abs/2008ISTSP...2..707M},
  adsnote = {Provided by the SAO/NASA Astrophysics Data System}
}


@ARTICLE{moore13,
   author = {{Moore}, D.~F. and {Aguirre}, J.~E. and {Parsons}, A.~R. and 
	{Jacobs}, D.~C. and {Pober}, J.~C.},
    title = "{The Effects of Polarized Foregrounds on 21 cm Epoch of Reionization Power Spectrum Measurements}",
  journal = {\apj},
archivePrefix = "arXiv",
   eprint = {1302.0876},
 primaryClass = "astro-ph.CO",
 keywords = {cosmology: observations, instrumentation: interferometers, instrumentation: polarimeters},
     year = 2013,
    month = jun,
   volume = 769,
      eid = {154},
    pages = {154},
      doi = {10.1088/0004-637X/769/2/154},
   adsurl = {https://ui.adsabs.harvard.edu/abs/2013ApJ...769..154M},
  adsnote = {Provided by the SAO/NASA Astrophysics Data System}
}


@ARTICLE{morales04,
   author = {{Morales}, M.~F. and {Hewitt}, J.},
    title = "{Toward Epoch of Reionization Measurements with Wide-Field Radio Observations}",
  journal = {\apj},
   eprint = {astro-ph/0312437},
 keywords = {Cosmology: Observations, Cosmology: Early Universe, Radio Lines: General},
     year = 2004,
    month = nov,
   volume = 615,
    pages = {7-18},
      doi = {10.1086/424437},
   adsurl = {https://ui.adsabs.harvard.edu/abs/2004ApJ...615....7M},
  adsnote = {Provided by the SAO/NASA Astrophysics Data System}
}


@ARTICLE{morales05,
   author = {{Morales}, M.~F.},
    title = "{Power Spectrum Sensitivity and the Design of Epoch of Reionization Observatories}",
  journal = {\apj},
   eprint = {astro-ph/0406662},
 keywords = {Cosmology: Observations, Radio Lines: General},
     year = 2005,
    month = feb,
   volume = 619,
    pages = {678-683},
      doi = {10.1086/426730},
   adsurl = {https://ui.adsabs.harvard.edu/abs/2005ApJ...619..678M},
  adsnote = {Provided by the SAO/NASA Astrophysics Data System}
}


@ARTICLE{morales12,
   author = {{Morales}, M.~F. and {Hazelton}, B. and {Sullivan}, I. and {Beardsley}, A.
	},
    title = "{Four Fundamental Foreground Power Spectrum Shapes for 21 cm Cosmology Observations}",
  journal = {\apj},
archivePrefix = "arXiv",
   eprint = {1202.3830},
 primaryClass = "astro-ph.IM",
 keywords = {cosmology: observations, methods: data analysis, techniques: interferometric},
     year = 2012,
    month = jun,
   volume = 752,
      eid = {137},
    pages = {137},
      doi = {10.1088/0004-637X/752/2/137},
   adsurl = {https://ui.adsabs.harvard.edu/abs/2012ApJ...752..137M},
  adsnote = {Provided by the SAO/NASA Astrophysics Data System}
}


@ARTICLE{neben16,
   author = {{Neben}, A.~R. and {Hewitt}, J.~N. and {Bradley}, R.~F. and 
	{Dillon}, J.~S. and {Bernardi}, G. and {Bowman}, J.~D. and {Briggs}, F. and 
	{Cappallo}, R.~J. and {Corey}, B.~E. and {Deshpande}, A.~A. and 
	{Goeke}, R. and {Greenhill}, L.~J. and {Hazelton}, B.~J. and 
	{Johnston-Hollitt}, M. and {Kaplan}, D.~L. and {Lonsdale}, C.~J. and 
	{McWhirter}, S.~R. and {Mitchell}, D.~A. and {Morales}, M.~F. and 
	{Morgan}, E. and {Oberoi}, D. and {Ord}, S.~M. and {Prabu}, T. and 
	{Udaya Shankar}, N. and {Srivani}, K.~S. and {Subrahmanyan}, R. and 
	{Tingay}, S.~J. and {Wayth}, R.~B. and {Webster}, R.~L. and 
	{Williams}, A. and {Williams}, C.~L.},
    title = "{Beam-forming Errors in Murchison Widefield Array Phased Array Antennas and their Effects on Epoch of Reionization Science}",
  journal = {\apj},
archivePrefix = "arXiv",
   eprint = {1602.05249},
 primaryClass = "astro-ph.IM",
 keywords = {cosmology: observations, dark ages, reionization, first stars, instrumentation: interferometers, methods: statistical, techniques: interferometric},
     year = 2016,
    month = mar,
   volume = 820,
      eid = {44},
    pages = {44},
      doi = {10.3847/0004-637X/820/1/44},
   adsurl = {https://ui.adsabs.harvard.edu/abs/2016ApJ...820...44N},
  adsnote = {Provided by the SAO/NASA Astrophysics Data System}
}


@ARTICLE{nunhokee17,
   author = {{Nunhokee}, C.~D. and {Bernardi}, G. and {Kohn}, S.~A. and {Aguirre}, J.~E. and 
	{Thyagarajan}, N. and {Dillon}, J.~S. and {Foster}, G. and {Grobler}, T.~L. and 
	{Martinot}, J.~Z.~E. and {Parsons}, A.~R.},
    title = "{Constraining Polarized Foregrounds for EoR Experiments. II. Polarization Leakage Simulations in the Avoidance Scheme}",
  journal = {\apj},
archivePrefix = "arXiv",
   eprint = {1707.04109},
 keywords = {cosmology: observations, dark ages, reionization, first stars, polarization, techniques: interferometric},
     year = 2017,
    month = oct,
   volume = 848,
      eid = {47},
    pages = {47},
      doi = {10.3847/1538-4357/aa8b73},
   adsurl = {https://ui.adsabs.harvard.edu/abs/2017ApJ...848...47N},
  adsnote = {Provided by the SAO/NASA Astrophysics Data System}
}


@ARTICLE{orosz19,
   author = {{Orosz}, N. and {Dillon}, J.~S. and {Ewall-Wice}, A. and {Parsons}, A.~R. and 
	{Thyagarajan}, N.},
    title = "{Mitigating the effects of antenna-to-antenna variation on redundant-baseline calibration for 21 cm cosmology}",
  journal = {\mnras},
archivePrefix = "arXiv",
   eprint = {1809.09728},
 keywords = {instrumentation: interferometers, dark ages, reionization, first stars},
     year = 2019,
    month = jul,
   volume = 487,
    pages = {537-549},
      doi = {10.1093/mnras/stz1287},
   adsurl = {https://ui.adsabs.harvard.edu/abs/2019MNRAS.487..537O},
  adsnote = {Provided by the SAO/NASA Astrophysics Data System}
}


@ARTICLE{parsons10,
   author = {{Parsons}, A.~R. and {Backer}, D.~C. and {Foster}, G.~S. and 
	{Wright}, M.~C.~H. and {Bradley}, R.~F. and {Gugliucci}, N.~E. and 
	{Parashare}, C.~R. and {Benoit}, E.~E. and {Aguirre}, J.~E. and 
	{Jacobs}, D.~C. and {Carilli}, C.~L. and {Herne}, D. and {Lynch}, M.~J. and 
	{Manley}, J.~R. and {Werthimer}, D.~J.},
    title = "{The Precision Array for Probing the Epoch of Re-ionization: Eight Station Results}",
  journal = {\aj},
archivePrefix = "arXiv",
   eprint = {0904.2334},
 keywords = {cosmology: observations, instrumentation: interferometers, radio continuum: general, techniques: interferometric, site testing, telescopes},
     year = 2010,
    month = apr,
   volume = 139,
    pages = {1468-1480},
      doi = {10.1088/0004-6256/139/4/1468},
   adsurl = {https://ui.adsabs.harvard.edu/abs/2010AJ....139.1468P},
  adsnote = {Provided by the SAO/NASA Astrophysics Data System}
}


@ARTICLE{parsons12a,
   author = {{Parsons}, A.~R. and {Pober}, J.~C. and {Aguirre}, J.~E. and 
	{Carilli}, C.~L. and {Jacobs}, D.~C. and {Moore}, D.~F.},
    title = "{A Per-baseline, Delay-spectrum Technique for Accessing the 21 cm Cosmic Reionization Signature}",
  journal = {\apj},
archivePrefix = "arXiv",
   eprint = {1204.4749},
 primaryClass = "astro-ph.IM",
 keywords = {cosmology: observations, instrumentation: interferometers, radio continuum: general, site testing, techniques: interferometric, telescopes},
     year = 2012,
    month = sep,
   volume = 756,
      eid = {165},
    pages = {165},
      doi = {10.1088/0004-637X/756/2/165},
   adsurl = {https://ui.adsabs.harvard.edu/abs/2012ApJ...756..165P},
  adsnote = {Provided by the SAO/NASA Astrophysics Data System}
}


@ARTICLE{parsons12b,
   author = {{Parsons}, A. and {Pober}, J. and {McQuinn}, M. and {Jacobs}, D. and 
	{Aguirre}, J.},
    title = "{A Sensitivity and Array-configuration Study for Measuring the Power Spectrum of 21 cm Emission from Reionization}",
  journal = {\apj},
archivePrefix = "arXiv",
   eprint = {1103.2135},
 primaryClass = "astro-ph.IM",
 keywords = {cosmology: observations, instrumentation: interferometers, methods: observational, techniques: interferometric, telescopes},
     year = 2012,
    month = jul,
   volume = 753,
      eid = {81},
    pages = {81},
      doi = {10.1088/0004-637X/753/1/81},
   adsurl = {https://ui.adsabs.harvard.edu/abs/2012ApJ...753...81P},
  adsnote = {Provided by the SAO/NASA Astrophysics Data System}
}


@ARTICLE{parsons14,
   author = {{Parsons}, A.~R. and {Liu}, A. and {Aguirre}, J.~E. and {Ali}, Z.~S. and 
	{Bradley}, R.~F. and {Carilli}, C.~L. and {DeBoer}, D.~R. and 
	{Dexter}, M.~R. and {Gugliucci}, N.~E. and {Jacobs}, D.~C. and 
	{Klima}, P. and {MacMahon}, D.~H.~E. and {Manley}, J.~R. and 
	{Moore}, D.~F. and {Pober}, J.~C. and {Stefan}, I.~I. and {Walbrugh}, W.~P.
	},
    title = "{New Limits on 21 cm Epoch of Reionization from PAPER-32 Consistent with an X-Ray Heated Intergalactic Medium at z = 7.7}",
  journal = {\apj},
archivePrefix = "arXiv",
   eprint = {1304.4991},
 keywords = {cosmology: observations, dark ages, reionization, first stars, early universe, instrumentation: interferometers, intergalactic medium, radio continuum: general},
     year = 2014,
    month = jun,
   volume = 788,
      eid = {106},
    pages = {106},
      doi = {10.1088/0004-637X/788/2/106},
   adsurl = {https://ui.adsabs.harvard.edu/abs/2014ApJ...788..106P},
  adsnote = {Provided by the SAO/NASA Astrophysics Data System}
}


@ARTICLE{patil16,
   author = {{Patil}, A.~H. and {Yatawatta}, S. and {Zaroubi}, S. and {Koopmans}, L.~V.~E. and 
	{de Bruyn}, A.~G. and {Jeli{\'c}}, V. and {Ciardi}, B. and {Iliev}, I.~T. and 
	{Mevius}, M. and {Pandey}, V.~N. and {Gehlot}, B.~K.},
    title = "{Systematic biases in low-frequency radio interferometric data due to calibration: the LOFAR-EoR case}",
  journal = {\mnras},
archivePrefix = "arXiv",
   eprint = {1605.07619},
 primaryClass = "astro-ph.IM",
 keywords = {methods: data analysis, techniques: interferometric, dark ages, reionization, first stars},
     year = 2016,
    month = dec,
   volume = 463,
    pages = {4317-4330},
      doi = {10.1093/mnras/stw2277},
   adsurl = {https://ui.adsabs.harvard.edu/abs/2016MNRAS.463.4317P},
  adsnote = {Provided by the SAO/NASA Astrophysics Data System}
}


@ARTICLE{patil17,
   author = {{Patil}, A.~H. and {Yatawatta}, S. and {Koopmans}, L.~V.~E. and 
	{de Bruyn}, A.~G. and {Brentjens}, M.~A. and {Zaroubi}, S. and 
	{Asad}, K.~M.~B. and {Hatef}, M. and {Jeli{\'c}}, V. and {Mevius}, M. and 
	{Offringa}, A.~R. and {Pandey}, V.~N. and {Vedantham}, H. and 
	{Abdalla}, F.~B. and {Brouw}, W.~N. and {Chapman}, E. and {Ciardi}, B. and 
	{Gehlot}, B.~K. and {Ghosh}, A. and {Harker}, G. and {Iliev}, I.~T. and 
	{Kakiichi}, K. and {Majumdar}, S. and {Mellema}, G. and {Silva}, M.~B. and 
	{Schaye}, J. and {Vrbanec}, D. and {Wijnholds}, S.~J.},
    title = "{Upper Limits on the 21 cm Epoch of Reionization Power Spectrum from One Night with LOFAR}",
  journal = {\apj},
archivePrefix = "arXiv",
   eprint = {1702.08679},
 keywords = {dark ages, reionization, first stars},
     year = 2017,
    month = mar,
   volume = 838,
      eid = {65},
    pages = {65},
      doi = {10.3847/1538-4357/aa63e7},
   adsurl = {https://ui.adsabs.harvard.edu/abs/2017ApJ...838...65P},
  adsnote = {Provided by the SAO/NASA Astrophysics Data System}
}


@ARTICLE{pearson84,
   author = {{Pearson}, T.~J. and {Readhead}, A.~C.~S.},
    title = "{Image Formation by Self-Calibration in Radio Astronomy}",
  journal = {\araa},
     year = 1984,
   volume = 22,
    pages = {97-130},
      doi = {10.1146/annurev.aa.22.090184.000525},
   adsurl = {https://ui.adsabs.harvard.edu/abs/1984ARA%26A..22...97P},
  adsnote = {Provided by the SAO/NASA Astrophysics Data System}
}


@ARTICLE{pen09,
   author = {{Pen}, U.-L. and {Chang}, T.-C. and {Hirata}, C.~M. and {Peterson}, J.~B. and 
	{Roy}, J. and {Gupta}, Y. and {Odegova}, J. and {Sigurdson}, K.
	},
    title = "{The GMRT EoR experiment: limits on polarized sky brightness at 150 MHz}",
  journal = {\mnras},
archivePrefix = "arXiv",
   eprint = {0807.1056},
 keywords = {polarization , cosmology: observations , radio continuum: ISM},
     year = 2009,
    month = oct,
   volume = 399,
    pages = {181-194},
      doi = {10.1111/j.1365-2966.2009.14980.x},
   adsurl = {https://ui.adsabs.harvard.edu/abs/2009MNRAS.399..181P},
  adsnote = {Provided by the SAO/NASA Astrophysics Data System}
}


@ARTICLE{pober13,
   author = {{Pober}, J.~C. and {Parsons}, A.~R. and {Aguirre}, J.~E. and 
	{Ali}, Z. and {Bradley}, R.~F. and {Carilli}, C.~L. and {DeBoer}, D. and 
	{Dexter}, M. and {Gugliucci}, N.~E. and {Jacobs}, D.~C. and 
	{Klima}, P.~J. and {MacMahon}, D. and {Manley}, J. and {Moore}, D.~F. and 
	{Stefan}, I.~I. and {Walbrugh}, W.~P.},
    title = "{Opening the 21 cm Epoch of Reionization Window: Measurements of Foreground Isolation with PAPER}",
  journal = {\apjl},
archivePrefix = "arXiv",
   eprint = {1301.7099},
 keywords = {cosmology: observations, dark ages, reionization, first stars, techniques: interferometric},
     year = 2013,
    month = may,
   volume = 768,
      eid = {L36},
    pages = {L36},
      doi = {10.1088/2041-8205/768/2/L36},
   adsurl = {https://ui.adsabs.harvard.edu/abs/2013ApJ...768L..36P},
  adsnote = {Provided by the SAO/NASA Astrophysics Data System}
}


@ARTICLE{pober16,
   author = {{Pober}, J.~C. and {Hazelton}, B.~J. and {Beardsley}, A.~P. and 
	{Barry}, N.~A. and {Martinot}, Z.~E. and {Sullivan}, I.~S. and 
	{Morales}, M.~F. and {Bell}, M.~E. and {Bernardi}, G. and {Bhat}, N.~D.~R. and 
	{Bowman}, J.~D. and {Briggs}, F. and {Cappallo}, R.~J. and {Carroll}, P. and 
	{Corey}, B.~E. and {de Oliveira-Costa}, A. and {Deshpande}, A.~A. and 
	{Dillon}, J.~S. and {Emrich}, D. and {Ewall-Wice}, A.~M. and 
	{Feng}, L. and {Goeke}, R. and {Greenhill}, L.~J. and {Hewitt}, J.~N. and 
	{Hindson}, L. and {Hurley-Walker}, N. and {Jacobs}, D.~C. and 
	{Johnston-Hollitt}, M. and {Kaplan}, D.~L. and {Kasper}, J.~C. and 
	{Kim}, H.-S. and {Kittiwisit}, P. and {Kratzenberg}, E. and 
	{Kudryavtseva}, N. and {Lenc}, E. and {Line}, J. and {Loeb}, A. and 
	{Lonsdale}, C.~J. and {Lynch}, M.~J. and {McKinley}, B. and 
	{McWhirter}, S.~R. and {Mitchell}, D.~A. and {Morgan}, E. and 
	{Neben}, A.~R. and {Oberoi}, D. and {Offringa}, A.~R. and {Ord}, S.~M. and 
	{Paul}, S. and {Pindor}, B. and {Prabu}, T. and {Procopio}, P. and 
	{Riding}, J. and {Rogers}, A.~E.~E. and {Roshi}, A. and {Sethi}, S.~K. and 
	{Udaya Shankar}, N. and {Srivani}, K.~S. and {Subrahmanyan}, R. and 
	{Tegmark}, M. and {Thyagarajan}, N. and {Tingay}, S.~J. and 
	{Trott}, C.~M. and {Waterson}, M. and {Wayth}, R.~B. and {Webster}, R.~L. and 
	{Whitney}, A.~R. and {Williams}, A. and {Williams}, C.~L. and 
	{Wyithe}, J.~S.~B.},
    title = "{The Importance of Wide-field Foreground Removal for 21 cm Cosmology: A Demonstration with Early MWA Epoch of Reionization Observations}",
  journal = {\apj},
archivePrefix = "arXiv",
   eprint = {1601.06177},
 primaryClass = "astro-ph.IM",
 keywords = {cosmology: observations, dark ages, reionization, first stars, techniques: interferometric},
     year = 2016,
    month = mar,
   volume = 819,
      eid = {8},
    pages = {8},
      doi = {10.3847/0004-637X/819/1/8},
   adsurl = {https://ui.adsabs.harvard.edu/abs/2016ApJ...819....8P},
  adsnote = {Provided by the SAO/NASA Astrophysics Data System}
}


@ARTICLE{pupillo15,
   author = {{Pupillo}, G. and {Naldi}, G. and {Bianchi}, G. and {Mattana}, A. and 
	{Monari}, J. and {Perini}, F. and {Poloni}, M. and {Schiaffino}, M. and 
	{Bolli}, P. and {Lingua}, A. and {Aicardi}, I. and {Bendea}, H. and 
	{Maschio}, P. and {Piras}, M. and {Virone}, G. and {Paonessa}, F. and 
	{Farooqui}, Z. and {Tibaldi}, A. and {Addamo}, G. and {Peverini}, O.~A. and 
	{Tascone}, R. and {Wijnholds}, S.~J.},
    title = "{Medicina array demonstrator: calibration and radiation pattern characterization using a UAV-mounted radio-frequency source}",
  journal = {Experimental Astronomy},
 keywords = {Aperture arrays, Square Kilometre Array, Calibration techniques, Antenna pattern, Antenna measurements},
     year = 2015,
    month = jun,
   volume = 39,
    pages = {405-421},
      doi = {10.1007/s10686-015-9456-z},
   adsurl = {https://ui.adsabs.harvard.edu/abs/2015ExA....39..405P},
  adsnote = {Provided by the SAO/NASA Astrophysics Data System}
}


@ARTICLE{procopio17,
   author = {{Procopio}, P. and {Wayth}, R.~B. and {Line}, J. and {Trott}, C.~M. and 
	{Intema}, H.~T. and {Mitchell}, D.~A. and {Pindor}, B. and {Riding}, J. and 
	{Tingay}, S.~J. and {Bell}, M.~E. and {Callingham}, J.~R. and 
	{Dwarakanath}, K.~S. and {For}, B.-Q. and {Gaensler}, B.~M. and 
	{Hancock}, P.~J. and {Hindson}, L. and {Hurley-Walker}, N. and 
	{Johnston-Hollitt}, M. and {Kapi{\'n}ska}, A.~D. and {Lenc}, E. and 
	{McKinley}, B. and {Morgan}, J. and {Offringa}, A. and {Staveley-Smith}, L. and 
	{Wu}, C. and {Zheng}, Q.},
    title = "{A High-Resolution Foreground Model for the MWA EoR1 Field: Model and Implications for EoR Power Spectrum Analysis}",
  journal = {\pasa},
archivePrefix = "arXiv",
   eprint = {1707.02288},
 primaryClass = "astro-ph.IM",
 keywords = {Large-scale structure of Universe, radio continuum: galaxies, cosmology: dark ages, reionization, first stars, techniques: interferometric},
     year = 2017,
    month = aug,
   volume = 34,
      eid = {e033},
    pages = {e033},
      doi = {10.1017/pasa.2017.26},
   adsurl = {https://ui.adsabs.harvard.edu/abs/2017PASA...34...33P},
  adsnote = {Provided by the SAO/NASA Astrophysics Data System}
}


@ARTICLE{readhead04,
   author = {{Readhead}, A.~C.~S. and {Mason}, B.~S. and {Contaldi}, C.~R. and 
	{Pearson}, T.~J. and {Bond}, J.~R. and {Myers}, S.~T. and {Padin}, S. and 
	{Sievers}, J.~L. and {Cartwright}, J.~K. and {Shepherd}, M.~C. and 
	{Pogosyan}, D. and {Prunet}, S. and {Altamirano}, P. and {Bustos}, R. and 
	{Bronfman}, L. and {Casassus}, S. and {Holzapfel}, W.~L. and 
	{May}, J. and {Pen}, U.-L. and {Torres}, S. and {Udomprasert}, P.~S.
	},
    title = "{Extended Mosaic Observations with the Cosmic Background Imager}",
  journal = {\apj},
   eprint = {astro-ph/0402359},
 keywords = {Cosmology: Cosmic Microwave Background, Cosmology: Cosmological Parameters, Cosmology: Observations},
     year = 2004,
    month = jul,
   volume = 609,
    pages = {498-512},
      doi = {10.1086/421105},
   adsurl = {https://ui.adsabs.harvard.edu/abs/2004ApJ...609..498R},
  adsnote = {Provided by the SAO/NASA Astrophysics Data System}
}


@ARTICLE{ryle60,
   author = {{Ryle}, M. and {Hewish}, A.},
    title = "{The synthesis of large radio telescopes}",
  journal = {\mnras},
     year = 1960,
   volume = 120,
    pages = {220},
      doi = {10.1093/mnras/120.3.220},
   adsurl = {https://ui.adsabs.harvard.edu/abs/1960MNRAS.120..220R},
  adsnote = {Provided by the SAO/NASA Astrophysics Data System}
}


@ARTICLE{sardabaradi19,
   author = {{Mouri Sardarabadi}, A. and {Koopmans}, L.~V.~E.},
    title = "{Quantifying suppression of the cosmological 21-cm signal due to direction-dependent gain calibration in radio interferometers}",
  journal = {\mnras},
archivePrefix = "arXiv",
   eprint = {1809.03755},
 primaryClass = "astro-ph.IM",
 keywords = {instrumentation: interferometers, methods: analytical, dark ages, reionization, first stars},
     year = 2019,
    month = mar,
   volume = 483,
    pages = {5480-5490},
      doi = {10.1093/mnras/sty3444},
   adsurl = {https://ui.adsabs.harvard.edu/abs/2019MNRAS.483.5480M},
  adsnote = {Provided by the SAO/NASA Astrophysics Data System}
}


@ARTICLE{sault96,
   author = {{Sault}, R.~J. and {Hamaker}, J.~P. and {Bregman}, J.~D.},
    title = "{Understanding radio polarimetry. II. Instrumental calibration of an interferometer array.}",
  journal = {\aaps},
 keywords = {METHODS: ANALYTICAL, METHODS: DATA ANALYSIS, TECHNIQUES: INTERFEROMETERS, TECHNIQUES: POLARIMETERS},
     year = 1996,
    month = may,
   volume = 117,
    pages = {149-159},
   adsurl = {https://ui.adsabs.harvard.edu/abs/1996A%26AS..117..149S},
  adsnote = {Provided by the SAO/NASA Astrophysics Data System}
}


@ARTICLE{shimwell19,
   author = {{Shimwell}, T.~W. and {Tasse}, C. and {Hardcastle}, M.~J. and 
	{Mechev}, A.~P. and {Williams}, W.~L. and {Best}, P.~N. and 
	{R{\"o}ttgering}, H.~J.~A. and {Callingham}, J.~R. and {Dijkema}, T.~J. and 
	{de Gasperin}, F. and {Hoang}, D.~N. and {Hugo}, B. and {Mirmont}, M. and 
	{Oonk}, J.~B.~R. and {Prandoni}, I. and {Rafferty}, D. and {Sabater}, J. and 
	{Smirnov}, O. and {van Weeren}, R.~J. and {White}, G.~J. and 
	{Atemkeng}, M. and {Bester}, L. and {Bonnassieux}, E. and {Br{\"u}ggen}, M. and 
	{Brunetti}, G. and {Chy{\.z}y}, K.~T. and {Cochrane}, R. and 
	{Conway}, J.~E. and {Croston}, J.~H. and {Danezi}, A. and {Duncan}, K. and 
	{Haverkorn}, M. and {Heald}, G.~H. and {Iacobelli}, M. and {Intema}, H.~T. and 
	{Jackson}, N. and {Jamrozy}, M. and {Jarvis}, M.~J. and {Lakhoo}, R. and 
	{Mevius}, M. and {Miley}, G.~K. and {Morabito}, L. and {Morganti}, R. and 
	{Nisbet}, D. and {Orr{\'u}}, E. and {Perkins}, S. and {Pizzo}, R.~F. and 
	{Schrijvers}, C. and {Smith}, D.~J.~B. and {Vermeulen}, R. and 
	{Wise}, M.~W. and {Alegre}, L. and {Bacon}, D.~J. and {van Bemmel}, I.~M. and 
	{Beswick}, R.~J. and {Bonafede}, A. and {Botteon}, A. and {Bourke}, S. and 
	{Brienza}, M. and {Calistro Rivera}, G. and {Cassano}, R. and 
	{Clarke}, A.~O. and {Conselice}, C.~J. and {Dettmar}, R.~J. and 
	{Drabent}, A. and {Dumba}, C. and {Emig}, K.~L. and {En{\ss}lin}, T.~A. and 
	{Ferrari}, C. and {Garrett}, M.~A. and {G{\'e}nova-Santos}, R.~T. and 
	{Goyal}, A. and {G{\"u}rkan}, G. and {Hale}, C. and {Harwood}, J.~J. and 
	{Heesen}, V. and {Hoeft}, M. and {Horellou}, C. and {Jackson}, C. and 
	{Kokotanekov}, G. and {Kondapally}, R. and {Kunert-Bajraszewska}, M. and 
	{Mahatma}, V. and {Mahony}, E.~K. and {Mandal}, S. and {McKean}, J.~P. and 
	{Merloni}, A. and {Mingo}, B. and {Miskolczi}, A. and {Mooney}, S. and 
	{Nikiel-Wroczy{\'n}ski}, B. and {O'Sullivan}, S.~P. and {Quinn}, J. and 
	{Reich}, W. and {Roskowi{\'n}ski}, C. and {Rowlinson}, A. and 
	{Savini}, F. and {Saxena}, A. and {Schwarz}, D.~J. and {Shulevski}, A. and 
	{Sridhar}, S.~S. and {Stacey}, H.~R. and {Urquhart}, S. and 
	{van der Wiel}, M.~H.~D. and {Varenius}, E. and {Webster}, B. and 
	{Wilber}, A.},
    title = "{The LOFAR Two-metre Sky Survey. II. First data release}",
  journal = {\aap},
archivePrefix = "arXiv",
   eprint = {1811.07926},
 keywords = {surveys, catalogs, radio continuum: general, techniques: image processing},
     year = 2019,
    month = feb,
   volume = 622,
      eid = {A1},
    pages = {A1},
      doi = {10.1051/0004-6361/201833559},
   adsurl = {https://ui.adsabs.harvard.edu/abs/2019A%26A...622A...1S},
  adsnote = {Provided by the SAO/NASA Astrophysics Data System}
}


@ARTICLE{smirnov11,
   author = {{Smirnov}, O.~M.},
    title = "{Revisiting the radio interferometer measurement equation. I. A full-sky Jones formalism}",
  journal = {\aap},
archivePrefix = "arXiv",
   eprint = {1101.1764},
 primaryClass = "astro-ph.IM",
 keywords = {methods: numerical, methods: analytical, methods: data analysis, techniques: interferometric, techniques: polarimetric},
     year = 2011,
    month = mar,
   volume = 527,
      eid = {A106},
    pages = {A106},
      doi = {10.1051/0004-6361/201016082},
   adsurl = {https://ui.adsabs.harvard.edu/abs/2011A%26A...527A.106S},
  adsnote = {Provided by the SAO/NASA Astrophysics Data System}
}


@ARTICLE{smirnov11b,
   author = {{Smirnov}, O.~M.},
    title = "{Revisiting the radio interferometer measurement equation. II. Calibration and direction-dependent effects}",
  journal = {\aap},
archivePrefix = "arXiv",
   eprint = {1101.1765},
 primaryClass = "astro-ph.IM",
 keywords = {methods: analytical, methods: numerical, methods: data analysis, techniques: polarimetric, techniques: interferometric},
     year = 2011,
    month = mar,
   volume = 527,
      eid = {A107},
    pages = {A107},
      doi = {10.1051/0004-6361/201116434},
   adsurl = {https://ui.adsabs.harvard.edu/abs/2011A%26A...527A.107S},
  adsnote = {Provided by the SAO/NASA Astrophysics Data System}
}


@ARTICLE{smirnov11b,
   author = {{Smirnov}, O.~M.},
    title = "{Revisiting the radio interferometer measurement equation. II. Calibration and direction-dependent effects}",
  journal = {\aap},
archivePrefix = "arXiv",
   eprint = {1101.1765},
 primaryClass = "astro-ph.IM",
 keywords = {methods: analytical, methods: numerical, methods: data analysis, techniques: polarimetric, techniques: interferometric},
     year = 2011,
    month = mar,
   volume = 527,
      eid = {A107},
    pages = {A107},
      doi = {10.1051/0004-6361/201116434},
   adsurl = {https://ui.adsabs.harvard.edu/abs/2011A%26A...527A.107S},
  adsnote = {Provided by the SAO/NASA Astrophysics Data System}
}


@ARTICLE{smirnov11c,
   author = {{Smirnov}, O.~M.},
    title = "{Revisiting the radio interferometer measurement equation. III. Addressing direction-dependent effects in 21 cm WSRT observations of 3C 147}",
  journal = {\aap},
archivePrefix = "arXiv",
   eprint = {1101.1768},
 primaryClass = "astro-ph.IM",
 keywords = {methods: analytical, methods: data analysis, methods: numerical, techniques: interferometric, techniques: polarimetric},
     year = 2011,
    month = mar,
   volume = 527,
      eid = {A108},
    pages = {A108},
      doi = {10.1051/0004-6361/201116435},
   adsurl = {https://ui.adsabs.harvard.edu/abs/2011A%26A...527A.108S},
  adsnote = {Provided by the SAO/NASA Astrophysics Data System}
}


@ARTICLE{smirnov15,
   author = {{Smirnov}, O.~M. and {Tasse}, C.},
    title = "{Radio interferometric gain calibration as a complex optimization problem}",
  journal = {\mnras},
archivePrefix = "arXiv",
   eprint = {1502.06974},
 primaryClass = "astro-ph.IM",
 keywords = {instrumentation: interferometers, methods: analytical, methods: numerical, techniques: interferometric},
     year = 2015,
    month = may,
   volume = 449,
    pages = {2668-2684},
      doi = {10.1093/mnras/stv418},
   adsurl = {https://ui.adsabs.harvard.edu/abs/2015MNRAS.449.2668S},
  adsnote = {Provided by the SAO/NASA Astrophysics Data System}
}


@ARTICLE{sokolowski17,
   author = {{Sokolowski}, M. and {Colegate}, T. and {Sutinjo}, A.~T. and 
	{Ung}, D. and {Wayth}, R. and {Hurley-Walker}, N. and {Lenc}, E. and 
	{Pindor}, B. and {Morgan}, J. and {Kaplan}, D.~L. and {Bell}, M.~E. and 
	{Callingham}, J.~R. and {Dwarakanath}, K.~S. and {For}, B.-Q. and 
	{Gaensler}, B.~M. and {Hancock}, P.~J. and {Hindson}, L. and 
	{Johnston-Hollitt}, M. and {Kapi{\'n}ska}, A.~D. and {McKinley}, B. and 
	{Offringa}, A.~R. and {Procopio}, P. and {Staveley-Smith}, L. and 
	{Wu}, C. and {Zheng}, Q.},
    title = "{Calibration and Stokes Imaging with Full Embedded Element Primary Beam Model for the Murchison Widefield Array}",
  journal = {\pasa},
archivePrefix = "arXiv",
   eprint = {1710.07478},
 primaryClass = "astro-ph.IM",
 keywords = {instrumentation: interferometers},
     year = 2017,
    month = nov,
   volume = 34,
      eid = {e062},
    pages = {e062},
      doi = {10.1017/pasa.2017.54},
   adsurl = {https://ui.adsabs.harvard.edu/abs/2017PASA...34...62S},
  adsnote = {Provided by the SAO/NASA Astrophysics Data System}
}


@ARTICLE{sullivan12,
   author = {{Sullivan}, I.~S. and {Morales}, M.~F. and {Hazelton}, B.~J. and 
	{Arcus}, W. and {Barnes}, D. and {Bernardi}, G. and {Briggs}, F.~H. and 
	{Bowman}, J.~D. and {Bunton}, J.~D. and {Cappallo}, R.~J. and 
	{Corey}, B.~E. and {Deshpande}, A. and {deSouza}, L. and {Emrich}, D. and 
	{Gaensler}, B.~M. and {Goeke}, R. and {Greenhill}, L.~J. and 
	{Herne}, D. and {Hewitt}, J.~N. and {Johnston-Hollitt}, M. and 
	{Kaplan}, D.~L. and {Kasper}, J.~C. and {Kincaid}, B.~B. and 
	{Koenig}, R. and {Kratzenberg}, E. and {Lonsdale}, C.~J. and 
	{Lynch}, M.~J. and {McWhirter}, S.~R. and {Mitchell}, D.~A. and 
	{Morgan}, E. and {Oberoi}, D. and {Ord}, S.~M. and {Pathikulangara}, J. and 
	{Prabu}, T. and {Remillard}, R.~A. and {Rogers}, A.~E.~E. and 
	{Roshi}, A. and {Salah}, J.~E. and {Sault}, R.~J. and {Udaya Shankar}, N. and 
	{Srivani}, K.~S. and {Stevens}, J. and {Subrahmanyan}, R. and 
	{Tingay}, S.~J. and {Wayth}, R.~B. and {Waterson}, M. and {Webster}, R.~L. and 
	{Whitney}, A.~R. and {Williams}, A. and {Williams}, C.~L. and 
	{Wyithe}, J.~S.~B.},
    title = "{Fast Holographic Deconvolution: A New Technique for Precision Radio Interferometry}",
  journal = {\apj},
archivePrefix = "arXiv",
   eprint = {1209.1653},
 primaryClass = "astro-ph.IM",
 keywords = {dark ages, reionization, first stars, techniques: image processing, techniques: interferometric},
     year = 2012,
    month = nov,
   volume = 759,
      eid = {17},
    pages = {17},
      doi = {10.1088/0004-637X/759/1/17},
   adsurl = {https://ui.adsabs.harvard.edu/abs/2012ApJ...759...17S},
  adsnote = {Provided by the SAO/NASA Astrophysics Data System}
}


@ARTICLE{tasse13,
   author = {{Tasse}, C. and {van der Tol}, S. and {van Zwieten}, J. and 
	{van Diepen}, G. and {Bhatnagar}, S.},
    title = "{Applying full polarization A-Projection to very wide field of view instruments: An imager for LOFAR}",
  journal = {\aap},
archivePrefix = "arXiv",
   eprint = {1212.6178},
 primaryClass = "astro-ph.IM",
 keywords = {instrumentation: interferometers, techniques: interferometric, techniques: image processing},
     year = 2013,
    month = may,
   volume = 553,
      eid = {A105},
    pages = {A105},
      doi = {10.1051/0004-6361/201220882},
   adsurl = {https://ui.adsabs.harvard.edu/abs/2013A%26A...553A.105T},
  adsnote = {Provided by the SAO/NASA Astrophysics Data System}
}


@ARTICLE{tasse14,
   author = {{Tasse}, C.},
    title = "{Nonlinear Kalman filters for calibration in radio interferometry}",
  journal = {\aap},
archivePrefix = "arXiv",
   eprint = {1403.6308},
 primaryClass = "astro-ph.IM",
 keywords = {instrumentation: interferometers, methods: data analysis, techniques: interferometric},
     year = 2014,
    month = jun,
   volume = 566,
      eid = {A127},
    pages = {A127},
      doi = {10.1051/0004-6361/201423503},
   adsurl = {https://ui.adsabs.harvard.edu/abs/2014A%26A...566A.127T},
  adsnote = {Provided by the SAO/NASA Astrophysics Data System}
}


@ARTICLE{thyagarajan13,
   author = {{Thyagarajan}, N. and {Udaya Shankar}, N. and {Subrahmanyan}, R. and 
	{Arcus}, W. and {Bernardi}, G. and {Bowman}, J.~D. and {Briggs}, F. and 
	{Bunton}, J.~D. and {Cappallo}, R.~J. and {Corey}, B.~E. and 
	{deSouza}, L. and {Emrich}, D. and {Gaensler}, B.~M. and {Goeke}, R.~F. and 
	{Greenhill}, L.~J. and {Hazelton}, B.~J. and {Herne}, D. and 
	{Hewitt}, J.~N. and {Johnston-Hollitt}, M. and {Kaplan}, D.~L. and 
	{Kasper}, J.~C. and {Kincaid}, B.~B. and {Koenig}, R. and {Kratzenberg}, E. and 
	{Lonsdale}, C.~J. and {Lynch}, M.~J. and {McWhirter}, S.~R. and 
	{Mitchell}, D.~A. and {Morales}, M.~F. and {Morgan}, E.~H. and 
	{Oberoi}, D. and {Ord}, S.~M. and {Pathikulangara}, J. and {Remillard}, R.~A. and 
	{Rogers}, A.~E.~E. and {Anish Roshi}, D. and {Salah}, J.~E. and 
	{Sault}, R.~J. and {Srivani}, K.~S. and {Stevens}, J.~B. and 
	{Thiagaraj}, P. and {Tingay}, S.~J. and {Wayth}, R.~B. and {Waterson}, M. and 
	{Webster}, R.~L. and {Whitney}, A.~R. and {Williams}, A.~J. and 
	{Williams}, C.~L. and {Wyithe}, J.~S.~B.},
    title = "{A Study of Fundamental Limitations to Statistical Detection of Redshifted H I from the Epoch of Reionization}",
  journal = {\apj},
archivePrefix = "arXiv",
   eprint = {1308.0565},
 keywords = {dark ages, reionization, first stars, large-scale structure of universe, methods: statistical, radio continuum: galaxies, radio lines: general, techniques: interferometric},
     year = 2013,
    month = oct,
   volume = 776,
      eid = {6},
    pages = {6},
      doi = {10.1088/0004-637X/776/1/6},
   adsurl = {https://ui.adsabs.harvard.edu/abs/2013ApJ...776....6T},
  adsnote = {Provided by the SAO/NASA Astrophysics Data System}
}


@ARTICLE{tingay13,
   author = {{Tingay}, S.~J. and {Goeke}, R. and {Bowman}, J.~D. and {Emrich}, D. and 
	{Ord}, S.~M. and {Mitchell}, D.~A. and {Morales}, M.~F. and 
	{Booler}, T. and {Crosse}, B. and {Wayth}, R.~B. and {Lonsdale}, C.~J. and 
	{Tremblay}, S. and {Pallot}, D. and {Colegate}, T. and {Wicenec}, A. and 
	{Kudryavtseva}, N. and {Arcus}, W. and {Barnes}, D. and {Bernardi}, G. and 
	{Briggs}, F. and {Burns}, S. and {Bunton}, J.~D. and {Cappallo}, R.~J. and 
	{Corey}, B.~E. and {Deshpande}, A. and {Desouza}, L. and {Gaensler}, B.~M. and 
	{Greenhill}, L.~J. and {Hall}, P.~J. and {Hazelton}, B.~J. and 
	{Herne}, D. and {Hewitt}, J.~N. and {Johnston-Hollitt}, M. and 
	{Kaplan}, D.~L. and {Kasper}, J.~C. and {Kincaid}, B.~B. and 
	{Koenig}, R. and {Kratzenberg}, E. and {Lynch}, M.~J. and {Mckinley}, B. and 
	{Mcwhirter}, S.~R. and {Morgan}, E. and {Oberoi}, D. and {Pathikulangara}, J. and 
	{Prabu}, T. and {Remillard}, R.~A. and {Rogers}, A.~E.~E. and 
	{Roshi}, A. and {Salah}, J.~E. and {Sault}, R.~J. and {Udaya-Shankar}, N. and 
	{Schlagenhaufer}, F. and {Srivani}, K.~S. and {Stevens}, J. and 
	{Subrahmanyan}, R. and {Waterson}, M. and {Webster}, R.~L. and 
	{Whitney}, A.~R. and {Williams}, A. and {Williams}, C.~L. and 
	{Wyithe}, J.~S.~B.},
    title = "{The Murchison Widefield Array: The Square Kilometre Array Precursor at Low Radio Frequencies}",
  journal = {\pasa},
archivePrefix = "arXiv",
   eprint = {1206.6945},
 primaryClass = "astro-ph.IM",
 keywords = {instrumentation: interferometers, techniques: image processing, techniques: interferometric, radio continuum: general, radio lines: general, early Universe},
     year = 2013,
    month = jan,
   volume = 30,
      eid = {e007},
    pages = {e007},
      doi = {10.1017/pasa.2012.007},
   adsurl = {https://ui.adsabs.harvard.edu/abs/2013PASA...30....7T},
  adsnote = {Provided by the SAO/NASA Astrophysics Data System}
}


@book{TMS,
       Author = {{Thompson}, A. Richard and {Moran}, James M. and {Swenson}, George W., Jr.},
        title = "{Interferometry and Synthesis in Radio Astronomy, 3rd Edition}",
         year = "2017",
          doi = {10.1007/978-3-319-44431-4},
       adsurl = {https://ui.adsabs.harvard.edu/abs/2017isra.book.....T},
      adsnote = {Provided by the SAO/NASA Astrophysics Data System}
}


@ARTICLE{trott14,
   author = {{Trott}, C.~M.},
    title = "{Comparison of Observing Modes for Statistical Estimation of the 21 cm Signal from the Epoch of Reionisation}",
  journal = {\pasa},
archivePrefix = "arXiv",
   eprint = {1405.0357},
 keywords = {methods: analytical, methods: statistical, early universe, instrumentation: interferometers},
     year = 2014,
    month = jul,
   volume = 31,
      eid = {e026},
    pages = {e026},
      doi = {10.1017/pasa.2014.23},
   adsurl = {https://ui.adsabs.harvard.edu/abs/2014PASA...31...26T},
  adsnote = {Provided by the SAO/NASA Astrophysics Data System}
}


@ARTICLE{trott16,
   author = {{Trott}, C.~M. and {Wayth}, R.~B.},
    title = "{Spectral Calibration Requirements of Radio Interferometers for Epoch of Reionisation Science with the SKA}",
  journal = {\pasa},
archivePrefix = "arXiv",
   eprint = {1604.03273},
 primaryClass = "astro-ph.IM",
 keywords = {(cosmology:) dark ages, reionization, first stars, techniques: interferometric, instrumentation: interferometers},
     year = 2016,
    month = may,
   volume = 33,
      eid = {e019},
    pages = {e019},
      doi = {10.1017/pasa.2016.18},
   adsurl = {https://ui.adsabs.harvard.edu/abs/2016PASA...33...19T},
  adsnote = {Provided by the SAO/NASA Astrophysics Data System}
}


@ARTICLE{trott17a,
   author = {{Trott}, C.~M. and {de Lera Acedo}, E. and {Wayth}, R.~B. and 
	{Fagnoni}, N. and {Sutinjo}, A.~T. and {Wakley}, B. and {Punzalan}, C.~I.~B.
	},
    title = "{Spectral performance of Square Kilometre Array Antennas - II. Calibration performance}",
  journal = {\mnras},
archivePrefix = "arXiv",
   eprint = {1705.03116},
 primaryClass = "astro-ph.IM",
 keywords = {instrumentation: interferometers, methods: observational, dark ages, reionization, first stars},
     year = 2017,
    month = sep,
   volume = 470,
    pages = {455-465},
      doi = {10.1093/mnras/stx1224},
   adsurl = {https://ui.adsabs.harvard.edu/abs/2017MNRAS.470..455T},
  adsnote = {Provided by the SAO/NASA Astrophysics Data System}
}


@ARTICLE{trott17b,
   author = {{Trott}, C.~M. and {Jordan}, C.~H. and {Murray}, S.~G. and {Pindor}, B. and 
	{Mitchell}, D.~A. and {Wayth}, R.~B. and {Line}, J. and {McKinley}, B. and 
	{Beardsley}, A. and {Bowman}, J. and {Briggs}, F. and {Hazelton}, B.~J. and 
	{Hewitt}, J. and {Jacobs}, D. and {Morales}, M.~F. and {Pober}, J.~C. and 
	{Sethi}, S. and {Shankar}, U. and {Subrahmanyan}, R. and {Tegmark}, M. and 
	{Tingay}, S.~J. and {Webster}, R.~L. and {Wyithe}, J.~S.~B.},
    title = "{Assessment of Ionospheric Activity Tolerances for Epoch of Reionization Science with the Murchison Widefield Array}",
  journal = {\apj},
 keywords = {dark ages, reionization, first stars, instrumentation: interferometers, methods: statistical},
     year = 2018,
    month = nov,
   volume = 867,
      eid = {15},
    pages = {15},
      doi = {10.3847/1538-4357/aae314},
   adsurl = {https://ui.adsabs.harvard.edu/abs/2018ApJ...867...15T},
  adsnote = {Provided by the SAO/NASA Astrophysics Data System}
}


@ARTICLE{vaneck18,
   author = {{Van Eck}, C.~L. and {Haverkorn}, M. and {Alves}, M.~I.~R. and 
	{Beck}, R. and {Best}, P. and {Carretti}, E. and {Chy{\.z}y}, K.~T. and 
	{Farnes}, J.~S. and {Ferri{\`e}re}, K. and {Hardcastle}, M.~J. and 
	{Heald}, G. and {Horellou}, C. and {Iacobelli}, M. and {Jeli{\'c}}, V. and 
	{Mulcahy}, D.~D. and {O'Sullivan}, S.~P. and {Polderman}, I.~M. and 
	{Reich}, W. and {Riseley}, C.~J. and {R{\"o}ttgering}, H. and 
	{Schnitzeler}, D.~H.~F.~M. and {Shimwell}, T.~W. and {Vacca}, V. and 
	{Vink}, J. and {White}, G.~J.},
    title = "{Polarized point sources in the LOFAR Two-meter Sky Survey: A preliminary catalog}",
  journal = {\aap},
archivePrefix = "arXiv",
   eprint = {1801.04467},
 keywords = {polarization, ISM: magnetic fields},
     year = 2018,
    month = jun,
   volume = 613,
      eid = {A58},
    pages = {A58},
      doi = {10.1051/0004-6361/201732228},
   adsurl = {https://ui.adsabs.harvard.edu/abs/2018A%26A...613A..58V},
  adsnote = {Provided by the SAO/NASA Astrophysics Data System}
}


@ARTICLE{vanhaarlem13,
   author = {{van Haarlem}, M.~P. and {Wise}, M.~W. and {Gunst}, A.~W. and 
	{Heald}, G. and {McKean}, J.~P. and {Hessels}, J.~W.~T. and 
	{de Bruyn}, A.~G. and {Nijboer}, R. and {Swinbank}, J. and {Fallows}, R. and 
	{Brentjens}, M. and {Nelles}, A. and {Beck}, R. and {Falcke}, H. and 
	{Fender}, R. and {H{\"o}randel}, J. and {Koopmans}, L.~V.~E. and 
	{Mann}, G. and {Miley}, G. and {R{\"o}ttgering}, H. and {Stappers}, B.~W. and 
	{Wijers}, R.~A.~M.~J. and {Zaroubi}, S. and {van den Akker}, M. and 
	{Alexov}, A. and {Anderson}, J. and {Anderson}, K. and {van Ardenne}, A. and 
	{Arts}, M. and {Asgekar}, A. and {Avruch}, I.~M. and {Batejat}, F. and 
	{B{\"a}hren}, L. and {Bell}, M.~E. and {Bell}, M.~R. and {van Bemmel}, I. and 
	{Bennema}, P. and {Bentum}, M.~J. and {Bernardi}, G. and {Best}, P. and 
	{B{\^i}rzan}, L. and {Bonafede}, A. and {Boonstra}, A.-J. and 
	{Braun}, R. and {Bregman}, J. and {Breitling}, F. and {van de Brink}, R.~H. and 
	{Broderick}, J. and {Broekema}, P.~C. and {Brouw}, W.~N. and 
	{Br{\"u}ggen}, M. and {Butcher}, H.~R. and {van Cappellen}, W. and 
	{Ciardi}, B. and {Coenen}, T. and {Conway}, J. and {Coolen}, A. and 
	{Corstanje}, A. and {Damstra}, S. and {Davies}, O. and {Deller}, A.~T. and 
	{Dettmar}, R.-J. and {van Diepen}, G. and {Dijkstra}, K. and 
	{Donker}, P. and {Doorduin}, A. and {Dromer}, J. and {Drost}, M. and 
	{van Duin}, A. and {Eisl{\"o}ffel}, J. and {van Enst}, J. and 
	{Ferrari}, C. and {Frieswijk}, W. and {Gankema}, H. and {Garrett}, M.~A. and 
	{de Gasperin}, F. and {Gerbers}, M. and {de Geus}, E. and {Grie{\ss}meier}, J.-M. and 
	{Grit}, T. and {Gruppen}, P. and {Hamaker}, J.~P. and {Hassall}, T. and 
	{Hoeft}, M. and {Holties}, H.~A. and {Horneffer}, A. and {van der Horst}, A. and 
	{van Houwelingen}, A. and {Huijgen}, A. and {Iacobelli}, M. and 
	{Intema}, H. and {Jackson}, N. and {Jelic}, V. and {de Jong}, A. and 
	{Juette}, E. and {Kant}, D. and {Karastergiou}, A. and {Koers}, A. and 
	{Kollen}, H. and {Kondratiev}, V.~I. and {Kooistra}, E. and 
	{Koopman}, Y. and {Koster}, A. and {Kuniyoshi}, M. and {Kramer}, M. and 
	{Kuper}, G. and {Lambropoulos}, P. and {Law}, C. and {van Leeuwen}, J. and 
	{Lemaitre}, J. and {Loose}, M. and {Maat}, P. and {Macario}, G. and 
	{Markoff}, S. and {Masters}, J. and {McFadden}, R.~A. and {McKay-Bukowski}, D. and 
	{Meijering}, H. and {Meulman}, H. and {Mevius}, M. and {Middelberg}, E. and 
	{Millenaar}, R. and {Miller-Jones}, J.~C.~A. and {Mohan}, R.~N. and 
	{Mol}, J.~D. and {Morawietz}, J. and {Morganti}, R. and {Mulcahy}, D.~D. and 
	{Mulder}, E. and {Munk}, H. and {Nieuwenhuis}, L. and {van Nieuwpoort}, R. and 
	{Noordam}, J.~E. and {Norden}, M. and {Noutsos}, A. and {Offringa}, A.~R. and 
	{Olofsson}, H. and {Omar}, A. and {Orr{\'u}}, E. and {Overeem}, R. and 
	{Paas}, H. and {Pandey-Pommier}, M. and {Pandey}, V.~N. and 
	{Pizzo}, R. and {Polatidis}, A. and {Rafferty}, D. and {Rawlings}, S. and 
	{Reich}, W. and {de Reijer}, J.-P. and {Reitsma}, J. and {Renting}, G.~A. and 
	{Riemers}, P. and {Rol}, E. and {Romein}, J.~W. and {Roosjen}, J. and 
	{Ruiter}, M. and {Scaife}, A. and {van der Schaaf}, K. and {Scheers}, B. and 
	{Schellart}, P. and {Schoenmakers}, A. and {Schoonderbeek}, G. and 
	{Serylak}, M. and {Shulevski}, A. and {Sluman}, J. and {Smirnov}, O. and 
	{Sobey}, C. and {Spreeuw}, H. and {Steinmetz}, M. and {Sterks}, C.~G.~M. and 
	{Stiepel}, H.-J. and {Stuurwold}, K. and {Tagger}, M. and {Tang}, Y. and 
	{Tasse}, C. and {Thomas}, I. and {Thoudam}, S. and {Toribio}, M.~C. and 
	{van der Tol}, B. and {Usov}, O. and {van Veelen}, M. and {van der Veen}, A.-J. and 
	{ter Veen}, S. and {Verbiest}, J.~P.~W. and {Vermeulen}, R. and 
	{Vermaas}, N. and {Vocks}, C. and {Vogt}, C. and {de Vos}, M. and 
	{van der Wal}, E. and {van Weeren}, R. and {Weggemans}, H. and 
	{Weltevrede}, P. and {White}, S. and {Wijnholds}, S.~J. and 
	{Wilhelmsson}, T. and {Wucknitz}, O. and {Yatawatta}, S. and 
	{Zarka}, P. and {Zensus}, A. and {van Zwieten}, J.},
    title = "{LOFAR: The LOw-Frequency ARray}",
  journal = {\aap},
archivePrefix = "arXiv",
   eprint = {1305.3550},
 primaryClass = "astro-ph.IM",
 keywords = {instrumentation: interferometers, radio continuum: general, radio lines: general, dark ages, reionization, first stars, telescopes},
     year = 2013,
    month = aug,
   volume = 556,
      eid = {A2},
    pages = {A2},
      doi = {10.1051/0004-6361/201220873},
   adsurl = {https://ui.adsabs.harvard.edu/abs/2013A%26A...556A...2V},
  adsnote = {Provided by the SAO/NASA Astrophysics Data System}
}


@ARTICLE{vanweeren16,
   author = {{van Weeren}, R.~J. and {Williams}, W.~L. and {Hardcastle}, M.~J. and 
	{Shimwell}, T.~W. and {Rafferty}, D.~A. and {Sabater}, J. and 
	{Heald}, G. and {Sridhar}, S.~S. and {Dijkema}, T.~J. and {Brunetti}, G. and 
	{Br{\"u}ggen}, M. and {Andrade-Santos}, F. and {Ogrean}, G.~A. and 
	{R{\"o}ttgering}, H.~J.~A. and {Dawson}, W.~A. and {Forman}, W.~R. and 
	{de Gasperin}, F. and {Jones}, C. and {Miley}, G.~K. and {Rudnick}, L. and 
	{Sarazin}, C.~L. and {Bonafede}, A. and {Best}, P.~N. and {B{\^i}rzan}, L. and 
	{Cassano}, R. and {Chy{\.z}y}, K.~T. and {Croston}, J.~H. and 
	{Ensslin}, T. and {Ferrari}, C. and {Hoeft}, M. and {Horellou}, C. and 
	{Jarvis}, M.~J. and {Kraft}, R.~P. and {Mevius}, M. and {Intema}, H.~T. and 
	{Murray}, S.~S. and {Orr{\'u}}, E. and {Pizzo}, R. and {Simionescu}, A. and 
	{Stroe}, A. and {van der Tol}, S. and {White}, G.~J.},
    title = "{LOFAR Facet Calibration}",
  journal = {\apjs},
archivePrefix = "arXiv",
   eprint = {1601.05422},
 primaryClass = "astro-ph.IM",
 keywords = {techniques: interferometric},
     year = 2016,
    month = mar,
   volume = 223,
      eid = {2},
    pages = {2},
      doi = {10.3847/0067-0049/223/1/2},
   adsurl = {https://ui.adsabs.harvard.edu/abs/2016ApJS..223....2V},
  adsnote = {Provided by the SAO/NASA Astrophysics Data System}
}


@ARTICLE{vedantham12,
   author = {{Vedantham}, H. and {Udaya Shankar}, N. and {Subrahmanyan}, R.
	},
    title = "{Imaging the Epoch of Reionization: Limitations from Foreground Confusion and Imaging Algorithms}",
  journal = {\apj},
archivePrefix = "arXiv",
   eprint = {1106.1297},
 primaryClass = "astro-ph.IM",
 keywords = {cosmology: observations, methods: analytical, methods: data analysis, techniques: interferometric},
     year = 2012,
    month = feb,
   volume = 745,
      eid = {176},
    pages = {176},
      doi = {10.1088/0004-637X/745/2/176},
   adsurl = {https://ui.adsabs.harvard.edu/abs/2012ApJ...745..176V},
  adsnote = {Provided by the SAO/NASA Astrophysics Data System}
}


@ARTICLE{vedantham16,
   author = {{Vedantham}, H.~K. and {Koopmans}, L.~V.~E.},
    title = "{Scintillation noise power spectrum and its impact on high-redshift 21-cm observations}",
  journal = {\mnras},
archivePrefix = "arXiv",
   eprint = {1512.00159},
 primaryClass = "astro-ph.IM",
 keywords = {atmospheric effects, methods: analytical, methods: statistical, techniques: interferometric, dark ages, reionization, first stars},
     year = 2016,
    month = may,
   volume = 458,
    pages = {3099-3117},
      doi = {10.1093/mnras/stw443},
   adsurl = {https://ui.adsabs.harvard.edu/abs/2016MNRAS.458.3099V},
  adsnote = {Provided by the SAO/NASA Astrophysics Data System}
}


@ARTICLE{yatawatta13,
   author = {{Yatawatta}, S. and {de Bruyn}, A.~G. and {Brentjens}, M.~A. and 
	{Labropoulos}, P. and {Pandey}, V.~N. and {Kazemi}, S. and {Zaroubi}, S. and 
	{Koopmans}, L.~V.~E. and {Offringa}, A.~R. and {Jeli{\'c}}, V. and 
	{Martinez Rubi}, O. and {Veligatla}, V. and {Wijnholds}, S.~J. and 
	{Brouw}, W.~N. and {Bernardi}, G. and {Ciardi}, B. and {Daiboo}, S. and 
	{Harker}, G. and {Mellema}, G. and {Schaye}, J. and {Thomas}, R. and 
	{Vedantham}, H. and {Chapman}, E. and {Abdalla}, F.~B. and {Alexov}, A. and 
	{Anderson}, J. and {Avruch}, I.~M. and {Batejat}, F. and {Bell}, M.~E. and 
	{Bell}, M.~R. and {Bentum}, M. and {Best}, P. and {Bonafede}, A. and 
	{Bregman}, J. and {Breitling}, F. and {van de Brink}, R.~H. and 
	{Broderick}, J.~W. and {Br{\"u}ggen}, M. and {Conway}, J. and 
	{de Gasperin}, F. and {de Geus}, E. and {Duscha}, S. and {Falcke}, H. and 
	{Fallows}, R.~A. and {Ferrari}, C. and {Frieswijk}, W. and {Garrett}, M.~A. and 
	{Griessmeier}, J.~M. and {Gunst}, A.~W. and {Hassall}, T.~E. and 
	{Hessels}, J.~W.~T. and {Hoeft}, M. and {Iacobelli}, M. and 
	{Juette}, E. and {Karastergiou}, A. and {Kondratiev}, V.~I. and 
	{Kramer}, M. and {Kuniyoshi}, M. and {Kuper}, G. and {van Leeuwen}, J. and 
	{Maat}, P. and {Mann}, G. and {McKean}, J.~P. and {Mevius}, M. and 
	{Mol}, J.~D. and {Munk}, H. and {Nijboer}, R. and {Noordam}, J.~E. and 
	{Norden}, M.~J. and {Orru}, E. and {Paas}, H. and {Pandey-Pommier}, M. and 
	{Pizzo}, R. and {Polatidis}, A.~G. and {Reich}, W. and {R{\"o}ttgering}, H.~J.~A. and 
	{Sluman}, J. and {Smirnov}, O. and {Stappers}, B. and {Steinmetz}, M. and 
	{Tagger}, M. and {Tang}, Y. and {Tasse}, C. and {ter Veen}, S. and 
	{Vermeulen}, R. and {van Weeren}, R.~J. and {Wise}, M. and {Wucknitz}, O. and 
	{Zarka}, P.},
    title = "{Initial deep LOFAR observations of epoch of reionization windows. I. The north celestial pole}",
  journal = {\aap},
archivePrefix = "arXiv",
   eprint = {1301.1630},
 primaryClass = "astro-ph.IM",
 keywords = {dark ages, reionization, first stars, instrumentation: interferometers, techniques: interferometric, methods: data analysis},
     year = 2013,
    month = feb,
   volume = 550,
      eid = {A136},
    pages = {A136},
      doi = {10.1051/0004-6361/201220874},
   adsurl = {https://ui.adsabs.harvard.edu/abs/2013A%26A...550A.136Y},
  adsnote = {Provided by the SAO/NASA Astrophysics Data System}
}


@ARTICLE{yatawatta15,
   author = {{Yatawatta}, S.},
    title = "{Distributed radio interferometric calibration}",
  journal = {\mnras},
archivePrefix = "arXiv",
   eprint = {1502.00858},
 primaryClass = "astro-ph.IM",
 keywords = {Instrumentation: interferometers, methods: numerical, techniques: interferometric},
     year = 2015,
    month = jun,
   volume = 449,
    pages = {4506-4514},
      doi = {10.1093/mnras/stv596},
   adsurl = {https://ui.adsabs.harvard.edu/abs/2015MNRAS.449.4506Y},
  adsnote = {Provided by the SAO/NASA Astrophysics Data System}
}


@ARTICLE{wayth18,
   author = {{Wayth}, R.~B. and {Tingay}, S.~J. and {Trott}, C.~M. and {Emrich}, D. and 
	{Johnston-Hollitt}, M. and {McKinley}, B. and {Gaensler}, B.~M. and 
	{Beardsley}, A.~P. and {Booler}, T. and {Crosse}, B. and {Franzen}, T.~M.~O. and 
	{Horsley}, L. and {Kaplan}, D.~L. and {Kenney}, D. and {Morales}, M.~F. and 
	{Pallot}, D. and {Sleap}, G. and {Steele}, K. and {Walker}, M. and 
	{Williams}, A. and {Wu}, C. and {Cairns}, I.~H. and {Filipovic}, M.~D. and 
	{Johnston}, S. and {Murphy}, T. and {Quinn}, P. and {Staveley-Smith}, L. and 
	{Webster}, R. and {Wyithe}, J.~S.~B.},
    title = "{The Phase II Murchison Widefield Array: Design overview}",
  journal = {\pasa},
archivePrefix = "arXiv",
   eprint = {1809.06466},
 primaryClass = "astro-ph.IM",
 keywords = {early universe, instrumentation: interferometers, radio continuum: general, radio lines: general, techniques: interferometric},
     year = 2018,
    month = nov,
   volume = 35,
      doi = {10.1017/pasa.2018.37},
   adsurl = {https://ui.adsabs.harvard.edu/abs/2018PASA...35...33W},
  adsnote = {Provided by the SAO/NASA Astrophysics Data System}
}


@ARTICLE{white99,
   author = {{White}, M. and {Carlstrom}, J.~E. and {Dragovan}, M. and {Holzapfel}, W.~L.
	},
    title = "{Interferometric Observation of Cosmic Microwave Background Anisotropies}",
  journal = {\apj},
   eprint = {astro-ph/9712195},
 keywords = {COSMOLOGY: COSMIC MICROWAVE BACKGROUND, COSMOLOGY: THEORY, TECHNIQUES: INTERFEROMETRIC, Cosmology: Cosmic Microwave Background, Cosmology: Theory, Techniques: Interferometric},
     year = 1999,
    month = mar,
   volume = 514,
    pages = {12-24},
      doi = {10.1086/306911},
   adsurl = {https://ui.adsabs.harvard.edu/abs/1999ApJ...514...12W},
  adsnote = {Provided by the SAO/NASA Astrophysics Data System}
}


@ARTICLE{wieringa92,
   author = {{Wieringa}, M.~H.},
    title = "{An investigation of the telescope based calibration methods 'redundancy' and 'self-cal'}",
  journal = {Experimental Astronomy},
 keywords = {Calibrating, Instrument Compensation, Instrument Errors, Interferometry, Radio Telescopes, Redundancy, Astronomical Maps, Correction, Signal To Noise Ratios},
     year = 1992,
   volume = 2,
    pages = {203-225},
      doi = {10.1007/BF00420576},
   adsurl = {https://ui.adsabs.harvard.edu/abs/1992ExA.....2..203W},
  adsnote = {Provided by the SAO/NASA Astrophysics Data System}
}


@ARTICLE{wijnholds16,
   author = {{Wijnholds}, S.~J. and {Grobler}, T.~L. and {Smirnov}, O.~M.
	},
    title = "{Calibration artefacts in radio interferometry - II. Ghost patterns for irregular arrays}",
  journal = {\mnras},
 keywords = {instrumentation: interferometers, methods: analytical, methods: numerical, techniques: interferometric},
     year = 2016,
    month = apr,
   volume = 457,
    pages = {2331-2354},
      doi = {10.1093/mnras/stw118},
   adsurl = {https://ui.adsabs.harvard.edu/abs/2016MNRAS.457.2331W},
  adsnote = {Provided by the SAO/NASA Astrophysics Data System}
}


@ARTICLE{zaroubi12,
   author = {{Zaroubi}, S. and {de Bruyn}, A.~G. and {Harker}, G. and {Thomas}, R.~M. and 
	{Labropolous}, P. and {Jeli{\'c}}, V. and {Koopmans}, L.~V.~E. and 
	{Brentjens}, M.~A. and {Bernardi}, G. and {Ciardi}, B. and {Daiboo}, S. and 
	{Kazemi}, S. and {Martinez-Rubi}, O. and {Mellema}, G. and {Offringa}, A.~R. and 
	{Pandey}, V.~N. and {Schaye}, J. and {Veligatla}, V. and {Vedantham}, H. and 
	{Yatawatta}, S.},
    title = "{Imaging neutral hydrogen on large scales during the Epoch of Reionization with LOFAR}",
  journal = {\mnras},
archivePrefix = "arXiv",
   eprint = {1205.3449},
 keywords = {methods: statistical, cosmology: observations, cosmology: theory, diffuse radiation, large-scale structure of Universe, radio lines: general},
     year = 2012,
    month = oct,
   volume = 425,
    pages = {2964-2973},
      doi = {10.1111/j.1365-2966.2012.21500.x},
   adsurl = {https://ui.adsabs.harvard.edu/abs/2012MNRAS.425.2964Z},
  adsnote = {Provided by the SAO/NASA Astrophysics Data System}
}


@ARTICLE{zheng14,
   author = {{Zheng}, H. and {Tegmark}, M. and {Buza}, V. and {Dillon}, J.~S. and 
	{Gharibyan}, H. and {Hickish}, J. and {Kunz}, E. and {Liu}, A. and 
	{Losh}, J. and {Lutomirski}, A. and {Morrison}, S. and {Narayanan}, S. and 
	{Perko}, A. and {Rosner}, D. and {Sanchez}, N. and {Schutz}, K. and 
	{Tribiano}, S.~M. and {Valdez}, M. and {Yang}, H. and {Adami}, K.~Z. and 
	{Zelko}, I. and {Zheng}, K. and {Armstrong}, R.~P. and {Bradley}, R.~F. and 
	{Dexter}, M.~R. and {Ewall-Wice}, A. and {Magro}, A. and {Matejek}, M. and 
	{Morgan}, E. and {Neben}, A.~R. and {Pan}, Q. and {Penna}, R.~F. and 
	{Peterson}, C.~M. and {Su}, M. and {Villasenor}, J. and {Williams}, C.~L. and 
	{Zhu}, Y.},
    title = "{MITEoR: a scalable interferometer for precision 21 cm cosmology}",
  journal = {\mnras},
archivePrefix = "arXiv",
   eprint = {1405.5527},
 primaryClass = "astro-ph.IM",
 keywords = {instrumentation: interferometers, methods: data analysis, techniques: interferometric, cosmology: observations, dark ages, reionization, first stars},
     year = 2014,
    month = dec,
   volume = 445,
    pages = {1084-1103},
      doi = {10.1093/mnras/stu1773},
   adsurl = {https://ui.adsabs.harvard.edu/abs/2014MNRAS.445.1084Z},
  adsnote = {Provided by the SAO/NASA Astrophysics Data System}
}


@ARTICLE{zheng17,
   author = {{Zheng}, H. and {Tegmark}, M. and {Dillon}, J.~S. and {Liu}, A. and 
	{Neben}, A.~R. and {Tribiano}, S.~M. and {Bradley}, R.~F. and 
	{Buza}, V. and {Ewall-Wice}, A. and {Gharibyan}, H. and {Hickish}, J. and 
	{Kunz}, E. and {Losh}, J. and {Lutomirski}, A. and {Morgan}, E. and 
	{Narayanan}, S. and {Perko}, A. and {Rosner}, D. and {Sanchez}, N. and 
	{Schutz}, K. and {Valdez}, M. and {Villasenor}, J. and {Yang}, H. and 
	{Zarb Adami}, K. and {Zelko}, I. and {Zheng}, K.},
    title = "{Brute-force mapmaking with compact interferometers: a MITEoR northern sky map from 128 to 175 MHz}",
  journal = {\mnras},
archivePrefix = "arXiv",
   eprint = {1605.03980},
 primaryClass = "astro-ph.IM",
 keywords = {methods: data analysis, techniques: interferometric, early Universe, radio lines: general},
     year = 2017,
    month = mar,
   volume = 465,
    pages = {2901-2915},
      doi = {10.1093/mnras/stw2910},
   adsurl = {https://ui.adsabs.harvard.edu/abs/2017MNRAS.465.2901Z},
  adsnote = {Provided by the SAO/NASA Astrophysics Data System}
}


@book{diamantaras1996pcn,
 	title={{Principal component neural networks: theory and applications}},
	author={Diamantaras, KI and Kung, SY},
	year={1996},
	publisher={John Wiley \& Sons, Inc. New York, NY, USA}}


@book{ilyas2004hsn,
	Author = {Ilyas, M. and Mahgoub, I. and Kelly, L.},
	Publisher = {CRC Press, Inc. Boca Raton, FL, USA},
	Title = {{Handbook of Sensor Networks: Compact Wireless and Wired Sensing Systems}},
	Year = {2004}}

@inproceedings{Bontempi2005Adaptive,
	Author = {G. Bontempi and Y. {Le Borgne}.},
	Booktitle = {Proceedings of the Workshop on Data Mining in Sensor Networks, SIAM SDM},
	Date-Modified = {2008-02-17 14:37:10 +0100},
	Pages = {3-9},
	Publisher = {{SIAM} Press},
	Title = {An Adaptive Modular Approach to the Mining of Sensor Network Data},
	Year = {2005}}

@inproceedings{tulone2006pts,
	Author = {Tulone, D. and Madden, S.},
	Booktitle = {Proceedings of the 3rd European Workshop on Wireless Sensor Networks},
	Date-Modified = {2008-02-17 14:54:24 +0100},
	Pages = {21-37},
	Publisher = {Springer},
	Title = {{PAQ: Time Series Forecasting for Approximate Query Answering in Sensor Networks}},
	Year = {2006}}

@book{hyvarinen2001ica,
	Author = {Hyvarinen, A. and Karhunen, J. and Oja, E.},
	Publisher = {J. Wiley New York},
	Title = {{Independent Component Analysis}},
	Year = {2001}}

@book{jolliffe2002pca,
	Author = {Jolliffe, I.T.},
	Publisher = {Springer},
	Title = {{Principal Component Analysis}},
	Year = {2002}}

@article{jain2004ass,
	Author = {Jain, A. and Chang, E.Y.},
	Journal = {ACM International Conference Proceeding Series},
	Pages = {10--16},
	Publisher = {ACM Press New York, NY, USA},
	Title = {{Adaptive sampling for sensor networks}},
	Year = {2004}}

@article{yao2002can,
	Author = {Yao, Y. and Gehrke, J.},
	Journal = {ACM SIGMOD Record},
	Number = {3},
	Pages = {9--18},
	Publisher = {ACM Press New York, NY, USA},
	Title = {{The cougar approach to in-network query processing in sensor networks}},
	Volume = {31},
	Year = {2002}}

@article{akyildiz2002wsn,
	Author = {Akyildiz, I.F. and Su, W. and Sankarasubramaniam, Y. and Cayirci, E.},
	Date-Modified = {2008-02-17 14:33:14 +0100},
	Journal = {Computer Networks},
	Number = {4},
	Pages = {393--422},
	Publisher = {Elsevier},
	Title = {{Wireless sensor networks: a survey}},
	Volume = {38},
	Year = {2002}}

@inproceedings{madden2002tta,
	Author = {Madden, S. and Franklin, M.J. and Hellerstein, J.M. and Hong, W.},
	Booktitle = {Proceedings of the 5th ACM Symposium on Operating System Design and Implementation (OSDI)},
	Date-Modified = {2008-02-17 14:47:53 +0100},
	Pages = {131 - 146  },
	Publisher = {ACM Press},
	Title = {{TAG: a Tiny AGgregation Service for Ad-Hoc Sensor Networks}},
	Volume = {36},
	Year = {2002}}

@article{madden2005taq,
	Author = {Madden, S.R. and Franklin, M.J. and Hellerstein, J.M. and Hong, W.},
	Journal = {ACM Transactions on Database Systems (TODS)},
	Number = {1},
	Pages = {122--173},
	Publisher = {ACM Press New York, NY, USA},
	Title = {{TinyDB: an acquisitional query processing system for sensor networks}},
	Volume = {30},
	Year = {2005}}

@inproceedings{burri2007dul,
	Author = {Burri, N. and Wattenhofer, R.},
	Booktitle = {Proceedings of the 6th international conference on Information processing in sensor networks},
	Date-Modified = {2008-02-17 14:37:24 +0100},
	Pages = {450--459},
	Publisher = {ACM Press},
	Title = {{Dozer: ultra-low power data gathering in sensor networks}},
	Year = {2007}}

@book{zhao2004wsn,
	Author = {Zhao, F. and Guibas, L.J.},
	Publisher = {Morgan Kaufmann},
	Title = {{Wireless Sensor Networks: An Information Processing Approach}},
	Year = {2004}}

@book{mardia1979ma,
	Author = {Mardia, K.V. and Kent, J.T. and Bibby, J.M. and others},
	Publisher = {Academic Press New York},
	Title = {{Multivariate analysis}},
	Year = {1979}}

@article{Kumar2000lr,
	Author = {Kumar, P. R. and Gupta, P.},
	Date-Added = {2007-11-30 20:12:40 +0100},
	Date-Modified = {2007-11-30 20:12:40 +0100},
	Journal = {IEEE Transactions on Information Theory},
	Month = {March},
	Number = {2},
	Pages = {388--404},
	Title = {The capacity of wireless networks},
	Volume = {46},
	Year = {2000}}

@inproceedings{Wu2004lr,
	Author = {Xiaohua Luo and Kougen Zheng and Yunhe Pan and Zhaohui Wu},
	Booktitle = {IEEE International Conference on Systems, Man and Cybernetics},
	Date-Added = {2007-11-30 20:07:50 +0100},
	Date-Modified = {2007-11-30 20:09:25 +0100},
	Pages = {6081- 6086},
	Title = {A TCP/IP implementation for wireless sensor networks},
	Volume = {7},
	Year = {2004}}

@book{Comer2006uq,
	Author = {Comer, Douglas},
	Date-Added = {2007-11-30 20:04:58 +0100},
	Date-Modified = {2007-11-30 20:04:58 +0100},
	Edition = {fifth},
	Publisher = {Prentice Hall},
	Title = {Internetworking With TCP/IP},
	Volume = {1: Principles Protocols, and Architecture},
	Year = {2006}}

@inproceedings{Sankar2004uq,
	Author = {Sankar, A. and Liu, Z.},
	Booktitle = {Proceedings of the 23rd Annual Joint Conference of the IEEE Computer and Communications Societies},
	Date-Added = {2007-11-27 16:58:40 +0100},
	Date-Modified = {2008-02-17 14:52:14 +0100},
	Pages = {1089-1097},
	Publisher = {IEEE Press},
	Title = {Maximum lifetime routing in wireless ad-hoc networks},
	Volume = {2},
	Year = {2004}}

@inproceedings{Chang2000qy,
	Author = {J.H. Chang and L. Tassiulas},
	Booktitle = {Proceedings of the 19th Annual Joint Conference of the IEEE Computer and Communications Societies},
	Date-Added = {2007-11-27 16:41:25 +0100},
	Date-Modified = {2008-02-17 14:37:51 +0100},
	Pages = {22-31},
	Publisher = {IEEE Press},
	Title = {Energy Conserving Routing in Wireless Ad-hoc Networks},
	Volume = {1},
	Year = {2000}}
