	
	@ARTICLE{field59-obs,
   author = {{Field}, G.~B.},
    title = "{An Attempt to Observe Neutral Hydrogen Between the Galaxies.}",
  journal = {\apj},
     year = 1959,
    month = may,
   volume = 129,
    pages = {525},
   adsurl = {http://adsabs.harvard.edu/cgi-bin/nph-bib_query?bibcode=1959ApJ...129..525F&db_key=AST},
  adsnote = {Provided by the Smithsonian/NASA Astrophysics Data System}
}

@ARTICLE{gunn65,
    author = {{Gunn}, J.~E. and {Peterson}, B.~A.},
    title = "{On the Density of Neutral Hydrogen in Intergalactic Space.}",
    journal = {\apj},
    year = 1965,
    month = nov,
    volume = 142,
    pages = {1633-1636},
    url = {http://adsabs.harvard.edu/cgi-bin/nph-bib_query?bibcode=1965ApJ...142.1633G&db_key=AST},
    adsnote = {Provided by the NASA Astrophysics Data System}
}

@ARTICLE{scheuer65,
   author = {{Scheuer}, P.~A.~G.},
    title = "{A Sensitive Test for the Presence of Atomic Hydrogen in Intergalactic Space}",
  journal = {\nat},
     year = 1965,
    month = aug,
   volume = 207,
    pages = {963},
      doi = {10.1038/207963a0},
   adsurl = {http://adsabs.harvard.edu/abs/1965Natur.207..963S},
  adsnote = {Provided by the SAO/NASA Astrophysics Data System}
}

@ARTICLE{zygelman05,
   author = {{Zygelman}, B.},
    title = "{Hyperfine Level-changing Collisions of Hydrogen Atoms and Tomography of the Dark Age Universe}",
  journal = {\apj},
     year = 2005,
    month = apr,
   volume = 622,
    pages = {1356-1362},
      doi = {10.1086/427682},
   adsurl = {http://adsabs.harvard.edu/cgi-bin/nph-bib_query?bibcode=2005ApJ...622.1356Z&db_key=AST},
  adsnote = {Provided by the Smithsonian/NASA Astrophysics Data System}
}

@ARTICLE{furl07-electron,
   author = {{Furlanetto}, S.~R. and {Furlanetto}, M.~R.},
    title = "{Spin-exchange rates in electron-hydrogen collisions}",
  journal = {\mnras},
   eprint = {astro-ph/0608067},
 keywords = {atomic processes, scattering, diffuse radiation},
     year = 2007,
    month = jan,
   volume = 374,
    pages = {547-555},
      doi = {10.1111/j.1365-2966.2006.11169.x},
   adsurl = {http://adsabs.harvard.edu/abs/2007MNRAS.374..547F},
  adsnote = {Provided by the SAO/NASA Astrophysics Data System}
}

@ARTICLE{furl07-proton,
   author = {{Furlanetto}, S.~R. and {Furlanetto}, M.~R.},
    title = "{Spin exchange rates in proton-hydrogen collisions}",
  journal = {\mnras},
   eprint = {astro-ph/0702487},
 keywords = {atomic processes, scattering, diffuse radiation},
     year = 2007,
    month = jul,
   volume = 379,
    pages = {130-134},
      doi = {10.1111/j.1365-2966.2007.11921.x},
   adsurl = {http://adsabs.harvard.edu/abs/2007MNRAS.379..130F},
  adsnote = {Provided by the SAO/NASA Astrophysics Data System}
}

@ARTICLE{wouthuysen52,
   author = {{Wouthuysen}, S.~A.},
    title = "{On the excitation mechanism of the 21-cm (radio-frequency) interstellar hydrogen emission line.}",
  journal = {\aj},
     year = 1952,
   volume = 57,
    pages = {31},
      doi = {10.1086/106661},
   adsurl = {http://adsabs.harvard.edu/cgi-bin/nph-bib_query?bibcode=1952AJ.....57R..31W&db_key=AST},
  adsnote = {Provided by the Smithsonian/NASA Astrophysics Data System}
}

@ARTICLE{field58,
   author = {{Field}, G.~B.},
    title = "{Excitation of the Hydrogen 21-centimeter Line}",
  journal = {Proceedings of the Institute of Radio Engineers},
     year = 1958,
   volume = 46,
    pages = {240}
}

@ARTICLE{field59-ts,
   author = {{Field}, G.~B.},
    title = "{The Spin Temperature of Intergalactic Neutral Hydrogen.}",
  journal = {\apj},
     year = 1959,
    month = may,
   volume = 129,
    pages = {536},
   adsurl = {http://adsabs.harvard.edu/cgi-bin/nph-bib_query?bibcode=1959ApJ...129..536F&db_key=AST},
  adsnote = {Provided by the Smithsonian/NASA Astrophysics Data System}
}

@ARTICLE{pritchard06,
   author = {{Pritchard}, J.~R. and {Furlanetto}, S.~R.},
    title = "{Descending from on high: Lyman-series cascades and spin-kinetic temperature coupling in the 21-cm line}",
  journal = {\mnras},
     year = 2006,
    month = apr,
   volume = 367,
    pages = {1057-1066},
      doi = {10.1111/j.1365-2966.2006.10028.x},
   adsurl = {http://adsabs.harvard.edu/cgi-bin/nph-bib_query?bibcode=2006MNRAS.367.1057P&db_key=AST},
  adsnote = {Provided by the Smithsonian/NASA Astrophysics Data System}
}

@ARTICLE{furl10-xray,
   author = {{Furlanetto}, S.~R. and {Johnson Stoever}, S.},
    title = "{Secondary ionization and heating by fast electrons}",
  journal = {\mnras},
archivePrefix = "arXiv",
   eprint = {0910.4410},
 primaryClass = "astro-ph.CO",
 keywords = {atomic processes, intergalactic medium, diffuse radiation},
     year = 2010,
    month = jun,
   volume = 404,
    pages = {1869-1878},
      doi = {10.1111/j.1365-2966.2010.16401.x},
   adsurl = {http://adsabs.harvard.edu/abs/2010MNRAS.404.1869F},
  adsnote = {Provided by the SAO/NASA Astrophysics Data System}
}

@ARTICLE{hirata06,
   author = {{Hirata}, C.~M.},
    title = "{Wouthuysen-Field coupling strength and application to high-redshift 21-cm radiation}",
  journal = {\mnras},
     year = 2006,
    month = mar,
   volume = 367,
    pages = {259-274},
      doi = {10.1111/j.1365-2966.2005.09949.x},
   adsurl = {http://adsabs.harvard.edu/cgi-bin/nph-bib_query?bibcode=2006MNRAS.367..259H&db_key=AST},
  adsnote = {Provided by the Smithsonian/NASA Astrophysics Data System}
}

@ARTICLE{shull85,
   author = {{Shull}, J.~M. and {van Steenberg}, M.~E.},
    title = "{X-ray secondary heating and ionization in quasar emission-line clouds}",
  journal = {\apj},
     year = 1985,
    month = nov,
   volume = 298,
    pages = {268-274},
      doi = {10.1086/163605},
   adsurl = {http://adsabs.harvard.edu/cgi-bin/nph-bib_query?bibcode=1985ApJ...298..268S&db_key=AST},
  adsnote = {Provided by the Smithsonian/NASA Astrophysics Data System}
}

@INPROCEEDINGS{meiksin00,
   author = {{Meiksin}, A.},
    title = "{Detecting the Epoch of First Light in 21-CM Radiation}",
booktitle = {Perspectives on Radio Astronomy: Science with Large Antenna Arrays,e. M. P. van Haarlem},
     year = 2000,
    pages = {37},
   adsurl = {http://adsabs.harvard.edu/cgi-bin/nph-bib_query?bibcode=2000pras.conf...37M&db_key=AST},
  adsnote = {Provided by the Smithsonian/NASA Astrophysics Data System}
}

@ARTICLE{chen04,
   author = {{Chen}, X. and {Miralda-Escud{\' e}}, J.},
    title = "{The Spin-Kinetic Temperature Coupling and the Heating Rate due to Ly{$\alpha$} Scattering before Reionization: Predictions for 21 Centimeter Emission and Absorption}",
  journal = {\apj},
     year = 2004,
    month = feb,
   volume = 602,
    pages = {1-11},
      doi = {10.1086/380829},
   adsurl = {http://adsabs.harvard.edu/cgi-bin/nph-bib_query?bibcode=2004ApJ...602....1C&db_key=AST},
  adsnote = {Provided by the Smithsonian/NASA Astrophysics Data System}
}

@ARTICLE{furl06-lyheat,
   author = {{Furlanetto}, S.~R. and {Pritchard}, J.~R.},
    title = "{The scattering of Lyman-series photons in the intergalactic medium}",
  journal = {\mnras},
     year = 2006,
    month = nov,
   volume = 372,
    pages = {1093-1103},
      doi = {10.1111/j.1365-2966.2006.10899.x},
   adsurl = {http://adsabs.harvard.edu/cgi-bin/nph-bib_query?bibcode=2006MNRAS.372.1093F&db_key=AST},
  adsnote = {Provided by the Smithsonian/NASA Astrophysics Data System}
}

@ARTICLE{field59-res,
   author = {{Field}, G.~B.},
    title = "{The Time Relaxation of a Resonance-Line Profile.}",
  journal = {\apj},
     year = 1959,
    month = may,
   volume = 129,
    pages = {551},
   adsurl = {http://adsabs.harvard.edu/cgi-bin/nph-bib_query?bibcode=1959ApJ...129..551F&db_key=AST},
  adsnote = {Provided by the Smithsonian/NASA Astrophysics Data System}
}

@ARTICLE{oh01,
   author = {{Oh}, S.~P.},
    title = "{Reionization by Hard Photons. I. X-Rays from the First Star Clusters}",
  journal = {\apj},
     year = 2001,
    month = jun,
   volume = 553,
    pages = {499-512},
      doi = {10.1086/320957},
   adsurl = {http://adsabs.harvard.edu/cgi-bin/nph-bib_query?bibcode=2001ApJ...553..499O&db_key=AST},
  adsnote = {Provided by the Smithsonian/NASA Astrophysics Data System}
}

@ARTICLE{ricotti02,
   author = {{Ricotti}, M. and {Gnedin}, N.~Y. and {Shull}, J.~M.},
    title = "{The Fate of the First Galaxies. II. Effects of Radiative Feedback}",
  journal = {\apj},
     year = 2002,
    month = aug,
   volume = 575,
    pages = {49-67},
      doi = {10.1086/341256},
   adsurl = {http://adsabs.harvard.edu/cgi-bin/nph-bib_query?bibcode=2002ApJ...575...49R&db_key=AST},
  adsnote = {Provided by the Smithsonian/NASA Astrophysics Data System}
}

@ARTICLE{valdes08,
   author = {{Vald{\'e}s}, M. and {Ferrara}, A.},
    title = "{The energy cascade from warm dark matter decays}",
  journal = {\mnras},
 keywords = {intergalactic medium, cosmology: theory, dark matter, diffuse radiation},
     year = 2008,
    month = jun,
   volume = 387,
    pages = {L8-L12},
      doi = {10.1111/j.1745-3933.2008.00471.x},
   adsurl = {http://adsabs.harvard.edu/abs/2008MNRAS.387L...8V},
  adsnote = {Provided by the SAO/NASA Astrophysics Data System}
}

@ARTICLE{volonteri09,
   author = {{Volonteri}, M. and {Gnedin}, N.~Y.},
    title = "{Relative Role of Stars and Quasars in Cosmic Reionization}",
  journal = {\apj},
 keywords = {cosmology: theory, galaxies: formation, intergalactic medium, large-scale structure of universe },
     year = 2009,
    month = oct,
   volume = 703,
    pages = {2113-2117},
      doi = {10.1088/0004-637X/703/2/2113},
   adsurl = {http://adsabs.harvard.edu/abs/2009ApJ...703.2113V},
  adsnote = {Provided by the SAO/NASA Astrophysics Data System}
}

@ARTICLE{chen04-decay,
   author = {{Chen}, X. and {Kamionkowski}, M.},
    title = "{Particle decays during the cosmic dark ages}",
  journal = {\prd},
     year = 2004,
    month = aug,
   volume = 70,
   number = 4,
    pages = {043502},
      doi = {10.1103/PhysRevD.70.043502},
   adsurl = {http://adsabs.harvard.edu/cgi-bin/nph-bib_query?bibcode=2004PhRvD..0d3502C&db_key=AST},
  adsnote = {Provided by the Smithsonian/NASA Astrophysics Data System}
}

@ARTICLE{madau97,
    author = {{Madau}, P. and {Meiksin}, A. and {Rees}, M.~J.},
    title = "{21 Centimeter Tomography of the Intergalactic Medium at High Redshift}",
    journal = {\apj},
    year = 1997,
    month = feb,
    volume = 475,
    pages = {429},
    url = {http://adsabs.harvard.edu/cgi-bin/nph-bib_query?bibcode=1997ApJ...475..429M&db_key=AST},
    adsnote = {Provided by the NASA Astrophysics Data System}
}

@ARTICLE{venumadhav18,
       author = {{Venumadhav}, Tejaswi and {Dai}, Liang and {Kaurov}, Alexander and
         {Zaldarriaga}, Matias},
        title = "{Heating of the intergalactic medium by the cosmic microwave background during cosmic dawn}",
      journal = {\prd},
     keywords = {Astrophysics - Cosmology and Nongalactic Astrophysics},
         year = "2018",
        month = "Nov",
       volume = {98},
       number = {10},
          eid = {103513},
        pages = {103513},
          doi = {10.1103/PhysRevD.98.103513},
archivePrefix = {arXiv},
       eprint = {1804.02406},
 primaryClass = {astro-ph.CO},
       adsurl = {https://ui.adsabs.harvard.edu/abs/2018PhRvD..98j3513V},
      adsnote = {Provided by the SAO/NASA Astrophysics Data System}
}

@ARTICLE{hirata07,
       author = {{Hirata}, Christopher M. and {Sigurdson}, Kris},
        title = "{The spin-resolved atomic velocity distribution and 21-cm line profile of dark-age gas}",
      journal = {\mnras},
     keywords = {atomic processes, line: profiles, intergalactic medium, cosmology: theory, Astrophysics},
         year = "2007",
        month = "Mar",
       volume = {375},
       number = {4},
        pages = {1241-1264},
          doi = {10.1111/j.1365-2966.2006.11321.x},
archivePrefix = {arXiv},
       eprint = {astro-ph/0605071},
 primaryClass = {astro-ph},
       adsurl = {https://ui.adsabs.harvard.edu/abs/2007MNRAS.375.1241H},
      adsnote = {Provided by the SAO/NASA Astrophysics Data System}
}

@ARTICLE{mao12,
   author = {{Mao}, Y. and {Shapiro}, P.~R. and {Mellema}, G. and {Iliev}, I.~T. and 
	{Koda}, J. and {Ahn}, K.},
    title = "{Redshift-space distortion of the 21-cm background from the epoch of reionization - I. Methodology re-examined}",
  journal = {\mnras},
archivePrefix = "arXiv",
   eprint = {1104.2094},
 primaryClass = "astro-ph.CO",
 keywords = {radiative transfer, methods: analytical, methods: numerical, intergalactic medium, cosmology: theory, dark ages, reionization, first stars},
     year = 2012,
    month = may,
   volume = 422,
    pages = {926-954},
      doi = {10.1111/j.1365-2966.2012.20471.x},
   adsurl = {http://adsabs.harvard.edu/abs/2012MNRAS.422..926M},
  adsnote = {Provided by the SAO/NASA Astrophysics Data System}
}

@ARTICLE{furl04-sh,
   author = {{Furlanetto}, S.~R. and {Loeb}, A.},
    title = "{Large-Scale Structure Shocks at Low and High Redshifts}",
  journal = {\apj},
     year = 2004,
    month = aug,
   volume = 611,
    pages = {642-654},
   adsurl = {http://adsabs.harvard.edu/cgi-bin/nph-bib_query?bibcode=2004ApJ...611..642F&amp;db_key=AST},
  adsnote = {Provided by the NASA Astrophysics Data System}
}

@ARTICLE{mcquinn12,
   author = {{McQuinn}, M. and {O'Leary}, R.~M.},
    title = "{The Impact of the Supersonic Baryon-Dark Matter Velocity Difference on the z \~{} 20 21-cm Background}",
  journal = {\apj},
 keywords = {cosmology: theory, dark ages, reionization, first stars, galaxies: formation, galaxies: high-redshift, stars: Population III },
     year = 2012,
    month = nov,
   volume = 760,
      eid = {3},
    pages = {3},
      doi = {10.1088/0004-637X/760/1/3},
   adsurl = {http://adsabs.harvard.edu/abs/2012ApJ...760....3M},
  adsnote = {Provided by the SAO/NASA Astrophysics Data System}
}

@ARTICLE{kuhlen06-21cm,
   author = {{Kuhlen}, M. and {Madau}, P. and {Montgomery}, R.},
    title = "{The Spin Temperature and 21 cm Brightness of the Intergalactic Medium in the Pre-Reionization era}",
  journal = {\apjl},
     year = 2006,
    month = jan,
   volume = 637,
    pages = {L1-L4},
      doi = {10.1086/500548},
   adsurl = {http://adsabs.harvard.edu/cgi-bin/nph-bib_query?bibcode=2006ApJ...637L...1K&db_key=AST},
  adsnote = {Provided by the Smithsonian/NASA Astrophysics Data System}
}


