@article{Zygelman2005,
author = {Zygelman, B},
title = {{Hyperfine Transitions in Atomic Hydrogen}},
journal = {\apj},
year = {2005},
volume = {622},
pages = {1356--1362}
}

@article{Pritchard2006,
author = {Pritchard, Jonathan R and Furlanetto, Steven R},
title = {{Descending from on high: Lyman-series cascades and spin-kinetic temperature coupling in the 21-cm line}},
journal = {\mnras},
year = {2006},
volume = {367},
number = {3},
pages = {1057--1066},
month = apr
}


@article{Pritchard2007,
author = {Pritchard, Jonathan R and Furlanetto, Steven R},
title = {{21-cm fluctuations from inhomogeneous X-ray heating before reionization}},
journal = {\mnras},
year = {2007},
volume = {376},
number = {4},
pages = {1680--1694},
month = apr
}

@ARTICLE{Furlanetto2006,
       author = {{Furlanetto}, Steven R.},
        title = "{The global 21-centimeter background from high redshifts}",
      journal = {\mnras},
     keywords = {intergalactic medium: cosmology: theory: diffuse radiation, intergalactic medium, cosmology: theory, diffuse radiation, Astrophysics},
         year = "2006",
        month = "Sep",
       volume = {371},
       number = {2},
        pages = {867-878},
          doi = {10.1111/j.1365-2966.2006.10725.x},
archivePrefix = {arXiv},
       eprint = {astro-ph/0604040},
 primaryClass = {astro-ph},
       adsurl = {https://ui.adsabs.harvard.edu/abs/2006MNRAS.371..867F},
      adsnote = {Provided by the SAO/NASA Astrophysics Data System}
}

@INPROCEEDINGS{Scalo1998,
       author = {{Scalo}, John},
        title = "{The IMF Revisited: A Case for Variations}",
     keywords = {Astrophysics},
    booktitle = {The Stellar Initial Mass Function (38th Herstmonceux Conference)},
         year = "1998",
       editor = {{Gilmore}, Gary and {Howell}, Debbie},
       series = {Astronomical Society of the Pacific Conference Series},
       volume = {142},
        month = "Jan",
        pages = {201},
archivePrefix = {arXiv},
       eprint = {astro-ph/9712317},
 primaryClass = {astro-ph},
       adsurl = {https://ui.adsabs.harvard.edu/abs/1998ASPC..142..201S},
      adsnote = {Provided by the SAO/NASA Astrophysics Data System}
}

@ARTICLE{Stanway2016,
       author = {{Stanway}, Elizabeth R. and {Eldridge}, J.~J. and {Becker}, George D.},
        title = "{Stellar population effects on the inferred photon density at reionization}",
      journal = {\mnras},
     keywords = {binaries: general, stars: evolution, galaxies: high-redshift, Astrophysics - Astrophysics of Galaxies, Astrophysics - Cosmology and Nongalactic Astrophysics},
         year = "2016",
        month = "Feb",
       volume = {456},
       number = {1},
        pages = {485-499},
          doi = {10.1093/mnras/stv2661},
archivePrefix = {arXiv},
       eprint = {1511.03268},
 primaryClass = {astro-ph.GA},
       adsurl = {https://ui.adsabs.harvard.edu/abs/2016MNRAS.456..485S},
      adsnote = {Provided by the SAO/NASA Astrophysics Data System}
}


@ARTICLE{Gilfanov2004,
       author = {{Gilfanov}, M. and {Grimm}, H. -J. and {Sunyaev}, R.},
        title = "{L$_{X}$-SFR relation in star-forming galaxies}",
      journal = {\mnras},
     keywords = {galaxies: starburst, X-rays: binaries, X-rays: galaxies, Astrophysics},
         year = "2004",
        month = "Jan",
       volume = {347},
       number = {3},
        pages = {L57-L60},
          doi = {10.1111/j.1365-2966.2004.07450.x},
archivePrefix = {arXiv},
       eprint = {astro-ph/0301331},
 primaryClass = {astro-ph},
       adsurl = {https://ui.adsabs.harvard.edu/abs/2004MNRAS.347L..57G},
      adsnote = {Provided by the SAO/NASA Astrophysics Data System}
}



@ARTICLE{Mineo2012a
       author = {{Mineo}, S. and {Gilfanov}, M. and {Sunyaev}, R.},
        title = "{X-ray emission from star-forming galaxies - I. High-mass X-ray binaries}",
      journal = {\mnras},
     keywords = {stars: formation, galaxies: irregular, galaxies: spiral, galaxies: starburst, X-rays: binaries, X-rays: galaxies, Astrophysics - High Energy Astrophysical Phenomena},
         year = "2012",
        month = "Jan",
       volume = {419},
       number = {3},
        pages = {2095-2115},
          doi = {10.1111/j.1365-2966.2011.19862.x},
archivePrefix = {arXiv},
       eprint = {1105.4610},
 primaryClass = {astro-ph.HE},
       adsurl = {https://ui.adsabs.harvard.edu/abs/2012MNRAS.419.2095M},
      adsnote = {Provided by the SAO/NASA Astrophysics Data System}
}


@article{Remillard2006,
author = {Remillard, Ronald A. and McClintock, Jeffrey E.},
title = {X-Ray Properties of Black-Hole Binaries},
journal = {Annual Review of Astronomy and Astrophysics},
volume = {44},
number = {1},
pages = {49-92},
year = {2006},
doi = {10.1146/annurev.astro.44.051905.092532},

URL = { 
        https://doi.org/10.1146/annurev.astro.44.051905.092532
    
},
eprint = { 
        https://doi.org/10.1146/annurev.astro.44.051905.092532
    
}
,
    abstract = { AbstractWe review the properties and behavior of 20 X-ray binaries that contain a dynamically-confirmed black hole, 17 of which are transient systems. During the past decade, many of these transient sources were observed daily throughout the course of their typically year-long outburst cycles using the large-area timing detector aboard the Rossi X-Ray Timing Explorer. The evolution of these transient sources is complex. Nevertheless, there are behavior patterns common to all of them as we show in a comprehensive comparison of six selected systems. Central to this comparison are three X-ray states of accretion, which are reviewed and defined quantitatively. We discuss phenomena that arise in strong gravitational fields, including relativistically-broadened Fe lines, high-frequency quasi-periodic oscillations (100â€“450 Hz), and relativistic radio and X-ray jets. Such phenomena show us how a black hole interacts with its environment, thereby complementing the picture of black holes that gravitational wave detectors will provide. We sketch a scenario for the potential impact of timing/spectral studies of accreting black holes on physics and discuss a current frontier topic, namely, the measurement of black hole spin. }
}

@ARTICLE{Bowman2018,
       author = {{Bowman}, Judd D. and {Rogers}, Alan E.~E. and {Monsalve}, Raul A. and
         {Mozdzen}, Thomas J. and {Mahesh}, Nivedita},
        title = "{An absorption profile centred at 78 megahertz in the sky-averaged spectrum}",
      journal = {\nat},
     keywords = {Astrophysics - Cosmology and Nongalactic Astrophysics, Astrophysics - Instrumentation and Methods for Astrophysics},
         year = "2018",
        month = "Mar",
       volume = {555},
       number = {7694},
        pages = {67-70},
          doi = {10.1038/nature25792},
archivePrefix = {arXiv},
       eprint = {1810.05912},
 primaryClass = {astro-ph.CO},
       adsurl = {https://ui.adsabs.harvard.edu/abs/2018Natur.555...67B},
      adsnote = {Provided by the SAO/NASA Astrophysics Data System}
}

@ARTICLE{Feng2018,
   author = {{Feng}, C. and {Holder}, G.},
    title = "{Enhanced Global Signal of Neutral Hydrogen Due to Excess Radiation at Cosmic Dawn}",
  journal = {\apjl},
archivePrefix = "arXiv",
   eprint = {1802.07432},
 keywords = {cosmology: theory, dark ages, reionization, first stars, early universe, methods: analytical, radio continuum: general},
     year = 2018,
    month = may,
   volume = 858,
      eid = {L17},
    pages = {L17},
      doi = {10.3847/2041-8213/aac0fe},
   adsurl = {http://adsabs.harvard.edu/abs/2018ApJ...858L..17F},
  adsnote = {Provided by the SAO/NASA Astrophysics Data System}
}

@ARTICLE{EwallWice2018,
       author = {{Ewall-Wice}, A. and {Chang}, T. -C. and {Lazio}, J. and {Dor{\'e}}, O. and
         {Seiffert}, M. and {Monsalve}, R.~A.},
        title = "{Modeling the Radio Background from the First Black Holes at Cosmic Dawn: Implications for the 21 cm Absorption Amplitude}",
      journal = {\apj},
     keywords = {dark ages, reionization, first stars, Astrophysics - Cosmology and Nongalactic Astrophysics, Astrophysics - Astrophysics of Galaxies},
         year = "2018",
        month = "Nov",
       volume = {868},
       number = {1},
          eid = {63},
        pages = {63},
          doi = {10.3847/1538-4357/aae51d},
archivePrefix = {arXiv},
       eprint = {1803.01815},
 primaryClass = {astro-ph.CO},
       adsurl = {https://ui.adsabs.harvard.edu/abs/2018ApJ...868...63E},
      adsnote = {Provided by the SAO/NASA Astrophysics Data System}
}

@ARTICLE{Pritchard2012,
       author = {{Pritchard}, Jonathan R. and {Loeb}, Abraham},
        title = "{21 cm cosmology in the 21st century}",
      journal = {Reports on Progress in Physics},
     keywords = {Astrophysics - Cosmology and Nongalactic Astrophysics},
         year = "2012",
        month = "Aug",
       volume = {75},
       number = {8},
          eid = {086901},
        pages = {086901},
          doi = {10.1088/0034-4885/75/8/086901},
archivePrefix = {arXiv},
       eprint = {1109.6012},
 primaryClass = {astro-ph.CO},
       adsurl = {https://ui.adsabs.harvard.edu/abs/2012RPPh...75h6901P},
      adsnote = {Provided by the SAO/NASA Astrophysics Data System}
}

@article{Pritchard2010,
author = {Pritchard, Jonathan R and Loeb, Abraham},
title = {{Constraining the unexplored period between reionization and the dark ages with observations of the global 21 cm signal}},
journal = {eprint arXiv},
year = {2010},
volume = {1005},
pages = {4057},
month = may,
annote = {11 pages, 14 figures, submitted to PRD}
}


@ARTICLE{Mineo2012a,
       author = {{Mineo}, S. and {Gilfanov}, M. and {Sunyaev}, R.},
        title = "{X-ray emission from star-forming galaxies - I. High-mass X-ray binaries}",
      journal = {\mnras},
     keywords = {stars: formation, galaxies: irregular, galaxies: spiral, galaxies: starburst, X-rays: binaries, X-rays: galaxies, Astrophysics - High Energy Astrophysical Phenomena},
         year = "2012",
        month = "Jan",
       volume = {419},
       number = {3},
        pages = {2095-2115},
          doi = {10.1111/j.1365-2966.2011.19862.x},
archivePrefix = {arXiv},
       eprint = {1105.4610},
 primaryClass = {astro-ph.HE},
       adsurl = {https://ui.adsabs.harvard.edu/abs/2012MNRAS.419.2095M},
      adsnote = {Provided by the SAO/NASA Astrophysics Data System}
}

@ARTICLE{Mineo2012b,
       author = {{Mineo}, S. and {Gilfanov}, M. and {Sunyaev}, R.},
        title = "{X-ray emission from star-forming galaxies - II. Hot interstellarmedium}",
      journal = {\mnras},
     keywords = {galaxies: star formation, X-rays: binaries, X-rays: galaxies, X-rays: ISM, Astrophysics - High Energy Astrophysical Phenomena},
         year = "2012",
        month = "Nov",
       volume = {426},
       number = {3},
        pages = {1870-1883},
          doi = {10.1111/j.1365-2966.2012.21831.x},
archivePrefix = {arXiv},
       eprint = {1205.3715},
 primaryClass = {astro-ph.HE},
       adsurl = {https://ui.adsabs.harvard.edu/abs/2012MNRAS.426.1870M},
      adsnote = {Provided by the SAO/NASA Astrophysics Data System}
}



@ARTICLE{Pacucci2014,
       author = {{Pacucci}, Fabio and {Mesinger}, Andrei and {Mineo}, Stefano and
         {Ferrara}, Andrea},
        title = "{The X-ray spectra of the first galaxies: 21 cm signatures}",
      journal = {\mnras},
     keywords = {galaxies: high-redshift, cosmology: theory, X-rays: binaries, X-rays: diffuse background, X-rays: galaxies, X-rays: ISM, Astrophysics - Cosmology and Nongalactic Astrophysics, Astrophysics - Astrophysics of Galaxies},
         year = "2014",
        month = "Sep",
       volume = {443},
       number = {1},
        pages = {678-686},
          doi = {10.1093/mnras/stu1240},
archivePrefix = {arXiv},
       eprint = {1403.6125},
 primaryClass = {astro-ph.CO},
       adsurl = {https://ui.adsabs.harvard.edu/abs/2014MNRAS.443..678P},
      adsnote = {Provided by the SAO/NASA Astrophysics Data System}
}



@ARTICLE{McBride2009,
       author = {{McBride}, James and {Fakhouri}, Onsi and {Ma}, Chung-Pei},
        title = "{Mass accretion rates and histories of dark matter haloes}",
      journal = {\mnras},
     keywords = {galaxies: formation, cosmology: theory, dark matter, large-scale structure of Universe, Astrophysics - Cosmology and Nongalactic Astrophysics},
         year = "2009",
        month = "Oct",
       volume = {398},
       number = {4},
        pages = {1858-1868},
          doi = {10.1111/j.1365-2966.2009.15329.x},
archivePrefix = {arXiv},
       eprint = {0902.3659},
 primaryClass = {astro-ph.CO},
       adsurl = {https://ui.adsabs.harvard.edu/abs/2009MNRAS.398.1858M},
      adsnote = {Provided by the SAO/NASA Astrophysics Data System}
}



@ARTICLE{Hui1997,
       author = {{Hui}, Lam and {Gnedin}, Nickolay Y.},
        title = "{Equation of state of the photoionized intergalactic medium}",
      journal = {\mnras},
     keywords = {Equations Of State, Intergalactic Media, Photoionization, Absorption Spectra, Quasars, Astrophysics, EQUATION OF STATE, INTERGALACTIC MEDIUM, QUASARS: ABSORPTION LINES, COSMOLOGY: THEORY, Astrophysics},
         year = "1997",
        month = "Nov",
       volume = {292},
       number = {1},
        pages = {27-42},
          doi = {10.1093/mnras/292.1.27},
archivePrefix = {arXiv},
       eprint = {astro-ph/9612232},
 primaryClass = {astro-ph},
       adsurl = {https://ui.adsabs.harvard.edu/abs/1997MNRAS.292...27H},
      adsnote = {Provided by the SAO/NASA Astrophysics Data System}
}

@ARTICLE{Cooray2002,
       author = {{Cooray}, Asantha and {Sheth}, Ravi},
        title = "{Halo models of large scale structure}",
      journal = {\physrep},
     keywords = {Astrophysics},
         year = "2002",
        month = "Dec",
       volume = {372},
       number = {1},
        pages = {1-129},
          doi = {10.1016/S0370-1573(02)00276-4},
archivePrefix = {arXiv},
       eprint = {astro-ph/0206508},
 primaryClass = {astro-ph},
       adsurl = {https://ui.adsabs.harvard.edu/abs/2002PhR...372....1C},
      adsnote = {Provided by the SAO/NASA Astrophysics Data System}
}


@ARTICLE{Brorby2016,
       author = {{Brorby}, M. and {Kaaret}, P. and {Prestwich}, A. and {Mirabel}, I.~F.},
        title = "{Enhanced X-ray emission from Lyman break analogues and a possible L$_{X}$-SFR-metallicity plane}",
      journal = {\mnras},
     keywords = {galaxies: starburst, X-rays: binaries, X-rays: galaxies, Astrophysics - High Energy Astrophysical Phenomena, Astrophysics - Astrophysics of Galaxies},
         year = "2016",
        month = "Apr",
       volume = {457},
       number = {4},
        pages = {4081-4088},
          doi = {10.1093/mnras/stw284},
archivePrefix = {arXiv},
       eprint = {1602.01091},
 primaryClass = {astro-ph.HE},
       adsurl = {https://ui.adsabs.harvard.edu/abs/2016MNRAS.457.4081B},
      adsnote = {Provided by the SAO/NASA Astrophysics Data System}
}



@ARTICLE{Mason2018,
       author = {{Mason}, Charlotte A. and {Treu}, Tommaso and {Dijkstra}, Mark and
         {Mesinger}, Andrei and {Trenti}, Michele and {Pentericci}, Laura and
         {de Barros}, Stephane and {Vanzella}, Eros},
        title = "{The Universe Is Reionizing at z~7: Bayesian Inference of the IGM Neutral Fraction Using Ly{\ensuremath{\alpha}} Emission from Galaxies}",
      journal = {\apj},
     keywords = {dark ages, reionization, first stars, galaxies: evolution, galaxies: high redshift, intergalactic medium, Astrophysics - Cosmology and Nongalactic Astrophysics, Astrophysics - Astrophysics of Galaxies},
         year = "2018",
        month = "Mar",
       volume = {856},
       number = {1},
          eid = {2},
        pages = {2},
          doi = {10.3847/1538-4357/aab0a7},
archivePrefix = {arXiv},
       eprint = {1709.05356},
 primaryClass = {astro-ph.CO},
       adsurl = {https://ui.adsabs.harvard.edu/abs/2018ApJ...856....2M},
      adsnote = {Provided by the SAO/NASA Astrophysics Data System}
}


@ARTICLE{Mirocha2018,
       author = {{Mirocha}, Jordan and {Mebane}, Richard H. and {Furlanetto}, Steven R. and
         {Singal}, Krishma and {Trinh}, Donald},
        title = "{Unique signatures of Population III stars in the global 21-cm signal}",
      journal = {\mnras},
     keywords = {galaxies: high-redshift, intergalactic medium, galaxies: luminosity function, mass function, dark ages, reionization, first stars, diffuse radiation, Astrophysics - Astrophysics of Galaxies, Astrophysics - Cosmology and Nongalactic Astrophysics},
         year = "2018",
        month = "Aug",
       volume = {478},
       number = {4},
        pages = {5591-5606},
          doi = {10.1093/mnras/sty1388},
archivePrefix = {arXiv},
       eprint = {1710.02530},
 primaryClass = {astro-ph.GA},
       adsurl = {https://ui.adsabs.harvard.edu/abs/2018MNRAS.478.5591M},
      adsnote = {Provided by the SAO/NASA Astrophysics Data System}
}

@ARTICLE{Fialkov2014a,
       author = {{Fialkov}, Anastasia and {Barkana}, Rennan and {Pinhas}, Arazi and
         {Visbal}, Eli},
        title = "{Complete history of the observable 21 cm signal from the first stars during the pre-reionization era}",
      journal = {\mnras},
     keywords = {galaxies: formation, galaxies: high redshift, intergalactic medium, cosmology: theory, Astrophysics - Cosmology and Nongalactic Astrophysics},
         year = "2014",
        month = "Jan",
       volume = {437},
       number = {1},
        pages = {L36-L40},
          doi = {10.1093/mnrasl/slt135},
archivePrefix = {arXiv},
       eprint = {1306.2354},
 primaryClass = {astro-ph.CO},
       adsurl = {https://ui.adsabs.harvard.edu/abs/2014MNRAS.437L..36F},
      adsnote = {Provided by the SAO/NASA Astrophysics Data System}
}


@ARTICLE{Fialkov2017,
       author = {{Fialkov}, Anastasia and {Cohen}, Aviad and {Barkana}, Rennan and
         {Silk}, Joseph},
        title = "{Constraining the redshifted 21-cm signal with the unresolved soft X-ray background}",
      journal = {\mnras},
     keywords = {cosmology: theory, dark ages, reionization, first stars, X-rays: binaries, X-rays: diffuse background, Astrophysics - Cosmology and Nongalactic Astrophysics},
         year = "2017",
        month = "Jan",
       volume = {464},
       number = {3},
        pages = {3498-3508},
          doi = {10.1093/mnras/stw2540},
archivePrefix = {arXiv},
       eprint = {1602.07322},
 primaryClass = {astro-ph.CO},
       adsurl = {https://ui.adsabs.harvard.edu/abs/2017MNRAS.464.3498F},
      adsnote = {Provided by the SAO/NASA Astrophysics Data System}
}



@ARTICLE{Tanaka2016,
       author = {{Tanaka}, Takamitsu L. and {O'Leary}, Ryan M. and {Perna}, Rosalba},
        title = "{The imprint of the cosmic supermassive black hole growth history on the 21 cm background radiation}",
      journal = {\mnras},
     keywords = {intergalactic medium, cosmology: theory, cosmology: dark ages, reionization, first stars, Astrophysics - Cosmology and Nongalactic Astrophysics, Astrophysics - Astrophysics of Galaxies},
         year = "2016",
        month = "Jan",
       volume = {455},
       number = {3},
        pages = {2619-2626},
          doi = {10.1093/mnras/stv2451},
archivePrefix = {arXiv},
       eprint = {1509.05406},
 primaryClass = {astro-ph.CO},
       adsurl = {https://ui.adsabs.harvard.edu/abs/2016MNRAS.455.2619T},
      adsnote = {Provided by the SAO/NASA Astrophysics Data System}
}

@ARTICLE{Barkana2005,
       author = {{Barkana}, Rennan and {Loeb}, Abraham},
        title = "{Detecting the Earliest Galaxies through Two New Sources of 21 Centimeter Fluctuations}",
      journal = {\apj},
     keywords = {Cosmology: Theory, Galaxies: Formation, Galaxies: High-Redshift, Astrophysics},
         year = "2005",
        month = "Jun",
       volume = {626},
       number = {1},
        pages = {1-11},
          doi = {10.1086/429954},
archivePrefix = {arXiv},
       eprint = {astro-ph/0410129},
 primaryClass = {astro-ph},
       adsurl = {https://ui.adsabs.harvard.edu/abs/2005ApJ...626....1B},
      adsnote = {Provided by the SAO/NASA Astrophysics Data System}
}


@ARTICLE{Cooray2002,
       author = {{Cooray}, Asantha and {Sheth}, Ravi},
        title = "{Halo models of large scale structure}",
      journal = {\physrep},
     keywords = {Astrophysics},
         year = "2002",
        month = "Dec",
       volume = {372},
       number = {1},
        pages = {1-129},
          doi = {10.1016/S0370-1573(02)00276-4},
archivePrefix = {arXiv},
       eprint = {astro-ph/0206508},
 primaryClass = {astro-ph},
       adsurl = {https://ui.adsabs.harvard.edu/abs/2002PhR...372....1C},
      adsnote = {Provided by the SAO/NASA Astrophysics Data System}
}


@ARTICLE{Das2017,
       author = {{Das}, Arpan and {Mesinger}, Andrei and {Pallottini}, Andrea and
         {Ferrara}, Andrea and {Wise}, John H.},
        title = "{High-mass X-ray binaries and the cosmic 21-cm signal: impact of host galaxy absorption}",
      journal = {\mnras},
     keywords = {galaxies: evolution, intergalactic medium, dark ages, reionization, first stars, early Universe, cosmology: theory, X-rays: diffuse background, Astrophysics - Cosmology and Nongalactic Astrophysics, Astrophysics - Astrophysics of Galaxies},
         year = "2017",
        month = "Jul",
       volume = {469},
       number = {1},
        pages = {1166-1174},
          doi = {10.1093/mnras/stx943},
archivePrefix = {arXiv},
       eprint = {1702.00409},
 primaryClass = {astro-ph.CO},
       adsurl = {https://ui.adsabs.harvard.edu/abs/2017MNRAS.469.1166D},
      adsnote = {Provided by the SAO/NASA Astrophysics Data System}
}



@ARTICLE{Gilfanov2004,
       author = {{Gilfanov}, M. and {Grimm}, H. -J. and {Sunyaev}, R.},
        title = "{L$_{X}$-SFR relation in star-forming galaxies}",
      journal = {\mnras},
     keywords = {galaxies: starburst, X-rays: binaries, X-rays: galaxies, Astrophysics},
         year = "2004",
        month = "Jan",
       volume = {347},
       number = {3},
        pages = {L57-L60},
          doi = {10.1111/j.1365-2966.2004.07450.x},
archivePrefix = {arXiv},
       eprint = {astro-ph/0301331},
 primaryClass = {astro-ph},
       adsurl = {https://ui.adsabs.harvard.edu/abs/2004MNRAS.347L..57G},
      adsnote = {Provided by the SAO/NASA Astrophysics Data System}
}



@ARTICLE{Fabbiano2006,
       author = {{Fabbiano}, G.},
        title = "{Populations of X-Ray Sources in Galaxies}",
      journal = {\araa},
     keywords = {Astrophysics},
         year = "2006",
        month = "Sep",
       volume = {44},
       number = {1},
        pages = {323-366},
          doi = {10.1146/annurev.astro.44.051905.092519},
archivePrefix = {arXiv},
       eprint = {astro-ph/0511481},
 primaryClass = {astro-ph},
       adsurl = {https://ui.adsabs.harvard.edu/abs/2006ARA&A..44..323F},
      adsnote = {Provided by the SAO/NASA Astrophysics Data System}
}



@ARTICLE{Mineo2012b,
       author = {{Mineo}, S. and {Gilfanov}, M. and {Sunyaev}, R.},
        title = "{X-ray emission from star-forming galaxies - II. Hot interstellarmedium}",
      journal = {\mnras},
     keywords = {galaxies: star formation, X-rays: binaries, X-rays: galaxies, X-rays: ISM, Astrophysics - High Energy Astrophysical Phenomena},
         year = "2012",
        month = "Nov",
       volume = {426},
       number = {3},
        pages = {1870-1883},
          doi = {10.1111/j.1365-2966.2012.21831.x},
archivePrefix = {arXiv},
       eprint = {1205.3715},
 primaryClass = {astro-ph.HE},
       adsurl = {https://ui.adsabs.harvard.edu/abs/2012MNRAS.426.1870M},
      adsnote = {Provided by the SAO/NASA Astrophysics Data System}
}



@ARTICLE{Scalo1986,,
       author = {{Scalo}, J.~M.},
        title = "{The Stellar Initial Mass Function}",
      journal = {\fcp},
     keywords = {Mass Distribution, Stellar Evolution, Stellar Mass, Chronology, Galaxies, Mass To Light Ratios, Metallicity, Star Clusters, Stellar Luminosity, Stellar Spectra, Astrophysics},
         year = "1986",
        month = "May",
       volume = {11},
        pages = {1-278},
       adsurl = {https://ui.adsabs.harvard.edu/abs/1986FCPh...11....1S},
      adsnote = {Provided by the SAO/NASA Astrophysics Data System}
}



@ARTICLE{Miller1979,
       author = {{Miller}, G.~E. and {Scalo}, J.~M.},
        title = "{The Initial Mass Function and Stellar Birthrate in the Solar Neighborhood}",
      journal = {\apjs},
     keywords = {Cosmology, Solar System, Stellar Evolution, Stellar Mass, Gas Density, Main Sequence Stars, Milky Way Galaxy, Nuclear Fusion, Planetary Nebulae, Stellar Luminosity, Stellar Mass Accretion, Stellar Mass Ejection, Supernovae, White Dwarf Stars, Astrophysics},
         year = "1979",
        month = "Nov",
       volume = {41},
        pages = {513},
          doi = {10.1086/190629},
       adsurl = {https://ui.adsabs.harvard.edu/abs/1979ApJS...41..513M},
      adsnote = {Provided by the SAO/NASA Astrophysics Data System}
}



@ARTICLE{Salpeter1955,
       author = {{Salpeter}, Edwin E.},
        title = "{The Luminosity Function and Stellar Evolution.}",
      journal = {\apj},
         year = "1955",
        month = "Jan",
       volume = {121},
        pages = {161},
          doi = {10.1086/145971},
       adsurl = {https://ui.adsabs.harvard.edu/abs/1955ApJ...121..161S},
      adsnote = {Provided by the SAO/NASA Astrophysics Data System}
}


@ARTICLE{Chabrier2003,
       author = {{Chabrier}, Gilles},
        title = "{Galactic Stellar and Substellar Initial Mass Function}",
      journal = {\pasp},
     keywords = {Galaxies: Luminosity Function, Mass Function, Invited Reviews, Astrophysics},
         year = "2003",
        month = "Jul",
       volume = {115},
       number = {809},
        pages = {763-795},
          doi = {10.1086/376392},
archivePrefix = {arXiv},
       eprint = {astro-ph/0304382},
 primaryClass = {astro-ph},
       adsurl = {https://ui.adsabs.harvard.edu/abs/2003PASP..115..763C},
      adsnote = {Provided by the SAO/NASA Astrophysics Data System}
}



@ARTICLE{Kroupa2001,
       author = {{Kroupa}, Pavel},
        title = "{On the variation of the initial mass function}",
      journal = {\mnras},
     keywords = {BINARIES: GENERAL, STARS: FORMATION, STARS: KINEMATICS, STARS: LUMINOSITY FUNCTION, MASS FUNCTION, GLOBULAR CLUSTERS: GENERAL, OPEN CLUSTERS AND ASSOCIATIONS: GENERAL, Astrophysics},
         year = "2001",
        month = "Apr",
       volume = {322},
       number = {2},
        pages = {231-246},
          doi = {10.1046/j.1365-8711.2001.04022.x},
archivePrefix = {arXiv},
       eprint = {astro-ph/0009005},
 primaryClass = {astro-ph},
       adsurl = {https://ui.adsabs.harvard.edu/abs/2001MNRAS.322..231K},
      adsnote = {Provided by the SAO/NASA Astrophysics Data System}
}



@ARTICLE{Leitherer1999,
       author = {{Leitherer}, Claus and {Schaerer}, Daniel and {Goldader}, Jeffrey D. and
         {Delgado}, Rosa M. Gonz{\'a}lez and {Robert}, Carmelle and
         {Kune}, Denis Foo and {de Mello}, Du{\'\i}lia F. and {Devost}, Daniel and
         {Heckman}, Timothy M.},
        title = "{Starburst99: Synthesis Models for Galaxies with Active Star Formation}",
      journal = {\apjs},
     keywords = {GALAXIES: EVOLUTION, GALAXIES: FUNDAMENTAL PARAMETERS, GALAXIES: STARBURST, GALAXIES: STELLAR CONTENT, METHODS: NUMERICAL, Galaxies: Evolution, Galaxies: Fundamental Parameters, Galaxies: Starburst, Galaxies: Stellar Content, Methods: Numerical, Astrophysics},
         year = "1999",
        month = "Jul",
       volume = {123},
       number = {1},
        pages = {3-40},
          doi = {10.1086/313233},
archivePrefix = {arXiv},
       eprint = {astro-ph/9902334},
 primaryClass = {astro-ph},
       adsurl = {https://ui.adsabs.harvard.edu/abs/1999ApJS..123....3L},
      adsnote = {Provided by the SAO/NASA Astrophysics Data System}
}

@article{WolcottGreen2011,
author = {Green, J Wolcott and Haiman, Z},
title = {{Photodissociation of H2 in protogalaxies: modelling self-shielding in three-dimensional simulations - Wolcott-Green - 2011 - Monthly Notices of the Royal Astronomical Society - Wiley Online Library}},
journal = {Monthly Notices of the {\ldots}},
year = {2011}
}



@ARTICLE{WolcottGreen2012,
       author = {{Wolcott-Green}, J. and {Haiman}, Z.},
        title = "{Feedback from the infrared background in the early Universe}",
      journal = {\mnras},
     keywords = {molecular processes, stars: Population III, galaxies: formation, cosmology: theory, early Universe, Astrophysics - Cosmology and Nongalactic Astrophysics},
         year = "2012",
        month = "Sep",
       volume = {425},
       number = {1},
        pages = {L51-L55},
          doi = {10.1111/j.1745-3933.2012.01298.x},
archivePrefix = {arXiv},
       eprint = {1206.1861},
 primaryClass = {astro-ph.CO},
       adsurl = {https://ui.adsabs.harvard.edu/abs/2012MNRAS.425L..51W},
      adsnote = {Provided by the SAO/NASA Astrophysics Data System}
}



@article{Mirocha2012,
author = {Mirocha, Jordan and Skory, Stephen and Burns, Jack O and Wise, John H},
title = {{Optimized Multi-frequency Spectra for Applications in Radiative Feedback and Cosmological Reionization}},
journal = {The Astrophysical Journal},
year = {2012},
volume = {756},
number = {1},
pages = {94},
month = sep,
annote = {15 pages, 13 figures, 2 tables

Typo in Eq. 2: Missing Gamma_HeII term

}
}



@article{Thomas2008,
author = {Thomas, Rajat M and Zaroubi, Saleem},
title = {{Time-evolution of ionization and heating around first stars and miniqsos}},
journal = {Monthly Notices of the Royal Astronomical Society},
year = {2008},
volume = {384},
number = {3},
pages = {1080--1096},
month = mar
}



@article{Pritchard2010a,
author = {Pritchard, Jonathan R and Loeb, Abraham},
title = {{Constraining the unexplored period between the dark ages and reionization with observations of the global 21 cm signal}},
journal = {Physical Review D},
year = {2010},
volume = {82},
number = {2},
pages = {23006},
month = jul
}

@ARTICLE{Madau2015,
       author = {{Madau}, Piero and {Haardt}, Francesco},
        title = "{Cosmic Reionization after Planck: Could Quasars Do It All?}",
      journal = {\apjl},
     keywords = {cosmology: theory, dark ages, reionization, first stars, diffuse radiation, galaxies: active, intergalactic medium, Astrophysics - Cosmology and Nongalactic Astrophysics, Astrophysics - Astrophysics of Galaxies},
         year = "2015",
        month = "Nov",
       volume = {813},
       number = {1},
          eid = {L8},
        pages = {L8},
          doi = {10.1088/2041-8205/813/1/L8},
archivePrefix = {arXiv},
       eprint = {1507.07678},
 primaryClass = {astro-ph.CO},
       adsurl = {https://ui.adsabs.harvard.edu/abs/2015ApJ...813L...8M},
      adsnote = {Provided by the SAO/NASA Astrophysics Data System}
}


@ARTICLE{Chen2004,
   author = {{Chen}, X. and {Miralda-Escud{\'e}}, J.},
    title = "{The Spin-Kinetic Temperature Coupling and the Heating Rate due to Ly{$\alpha$} Scattering before Reionization: Predictions for 21 Centimeter Emission and Absorption}",
  journal = {\apj},
   eprint = {arXiv:astro-ph/0303395},
 keywords = {Cosmology: Cosmic Microwave Background, Cosmology: Theory, Cosmology: Diffuse Radiation, Galaxies: Intergalactic Medium, Line: Formation, Radio Lines: General},
     year = 2004,
    month = feb,
   volume = 602,
    pages = {1-11},
      doi = {10.1086/380829},
   adsurl = {http://adsabs.harvard.edu/abs/2004ApJ...602....1C},
  adsnote = {Provided by the SAO/NASA Astrophysics Data System}
}

@ARTICLE{Visbal2014,
       author = {{Visbal}, Eli and {Haiman}, Zolt{\'a}n and {Terrazas}, Bryan and
         {Bryan}, Greg L. and {Barkana}, Rennan},
        title = "{High-redshift star formation in a time-dependent Lyman-Werner background}",
      journal = {\mnras},
     keywords = {galaxies: high-redshift, cosmology: theory, Astrophysics - Cosmology and Nongalactic Astrophysics},
         year = "2014",
        month = "Nov",
       volume = {445},
       number = {1},
        pages = {107-114},
          doi = {10.1093/mnras/stu1710},
archivePrefix = {arXiv},
       eprint = {1402.0882},
 primaryClass = {astro-ph.CO},
       adsurl = {https://ui.adsabs.harvard.edu/abs/2014MNRAS.445..107V},
      adsnote = {Provided by the SAO/NASA Astrophysics Data System}
}



@ARTICLE{FurlanettoPritchard2006,
   author = {{Furlanetto}, S.~R. and {Pritchard}, J.~R.},
    title = "{The scattering of Lyman-series photons in the intergalactic medium}",
  journal = {\mnras},
   eprint = {astro-ph/0605680},
 keywords = {line: profiles, radiative transfer, intergalactic medium},
     year = 2006,
    month = nov,
   volume = 372,
    pages = {1093-1103},
      doi = {10.1111/j.1365-2966.2006.10899.x},
   adsurl = {http://adsabs.harvard.edu/abs/2006MNRAS.372.1093F},
  adsnote = {Provided by the SAO/NASA Astrophysics Data System}
}

@article{Hirata2006,
author = {Hirata, Christopher M},
title = {{Wouthuysen-Field coupling strength and application to high-redshift 21-cm radiation}},
journal = {\mnras},
year = {2006},
volume = {367},
number = {1},
pages = {259--274},
month = mar
}

@article{Verner1996,
author = {Verner, D A and Verner, D A and Ferland, G J and Ferland, G J and Korista, K T and Korista, K T and Yakovlev, D G and Yakovlev, D G},
title = {{Atomic Data for Astrophysics. II. New Analytic Fits for Photoionization Cross Sections of Atoms and Ions}},
journal = {arXiv.org},
year = {1996},
eprint = {astro-ph/9601009v2},
eprinttype = {arxiv},
eprintclass = {astro-ph},
month = jan
}

@ARTICLE{Fukugita1994,
   author = {{Fukugita}, M. and {Kawasaki}, M.},
    title = "{Reionization during Hierarchical Clustering in a Universe Dominated by Cold Dark Matter}",
  journal = {\mnras},
   eprint = {arXiv:astro-ph/9309036},
     year = 1994,
    month = aug,
   volume = 269,
    pages = {563},
   adsurl = {http://adsabs.harvard.edu/abs/1994MNRAS.269..563F},
  adsnote = {Provided by the SAO/NASA Astrophysics Data System}
}

@ARTICLE{Fixsen2011,
   author = {{Fixsen}, D.~J. and {Kogut}, A. and {Levin}, S. and {Limon}, M. and 
	{Lubin}, P. and {Mirel}, P. and {Seiffert}, M. and {Singal}, J. and 
	{Wollack}, E. and {Villela}, T. and {Wuensche}, C.~A.},
    title = "{ARCADE 2 Measurement of the Absolute Sky Brightness at 3-90 GHz}",
  journal = {\apj},
archivePrefix = "arXiv",
   eprint = {0901.0555},
 keywords = {cosmic background radiation, diffuse radiation, radio continuum: general},
     year = 2011,
    month = jun,
   volume = 734,
      eid = {5},
    pages = {5},
      doi = {10.1088/0004-637X/734/1/5},
   adsurl = {http://adsabs.harvard.edu/abs/2011ApJ...734....5F},
  adsnote = {Provided by the SAO/NASA Astrophysics Data System}
}

@ARTICLE{Singal2018,
   author = {{Singal}, J. and {Haider}, J. and {Ajello}, M. and {Ballantyne}, D.~R. and 
	{Bunn}, E. and {Condon}, J. and {Dowell}, J. and {Fixsen}, D. and 
	{Fornengo}, N. and {Harms}, B. and {Holder}, G. and {Jones}, E. and 
	{Kellermann}, K. and {Kogut}, A. and {Linden}, T. and {Monsalve}, R. and 
	{Mertsch}, P. and {Murphy}, E. and {Orlando}, E. and {Regis}, M. and 
	{Scott}, D. and {Vernstrom}, T. and {Xu}, L.},
    title = "{The Radio Synchrotron Background: Conference Summary and Report}",
  journal = {\pasp},
archivePrefix = "arXiv",
   eprint = {1711.09979},
 primaryClass = "astro-ph.HE",
     year = 2018,
    month = mar,
   volume = 130,
   number = 3,
    pages = {036001},
      doi = {10.1088/1538-3873/aaa6b0},
   adsurl = {http://adsabs.harvard.edu/abs/2018PASP..130c6001S},
  adsnote = {Provided by the SAO/NASA Astrophysics Data System}
}

@article{Furlanetto2017,
author = {Furlanetto, Steven R and Mirocha, Jordan and Mebane, Richard H and Sun, Guochao},
title = {{A minimalist feedback-regulated model for galaxy formation during the epoch of reionization}},
journal = {Monthly Notices of the Royal Astronomical Society},
year = {2017},
volume = {472},
number = {2},
pages = {1576--1592},
month = dec
}
@ARTICLE{Sun2016,
       author = {{Sun}, G. and {Furlanetto}, S.~R.},
        title = "{Constraints on the star formation efficiency of galaxies during the epoch of reionization}",
      journal = {\mnras},
     keywords = {galaxies: evolution, galaxies: high-redshift, early Universe, Astrophysics - Astrophysics of Galaxies},
         year = "2016",
        month = "Jul",
       volume = {460},
       number = {1},
        pages = {417-433},
          doi = {10.1093/mnras/stw980},
archivePrefix = {arXiv},
       eprint = {1512.06219},
 primaryClass = {astro-ph.GA},
       adsurl = {https://ui.adsabs.harvard.edu/abs/2016MNRAS.460..417S},
      adsnote = {Provided by the SAO/NASA Astrophysics Data System}
}

@ARTICLE{Dayal2014,
       author = {{Dayal}, Pratika and {Ferrara}, Andrea and {Dunlop}, James S. and
         {Pacucci}, Fabio},
        title = "{Essential physics of early galaxy formation}",
      journal = {\mnras},
     keywords = {galaxies: evolution, galaxies: high-redshift, galaxies: luminosity function, mass function, galaxies: stellar content, Astrophysics - Astrophysics of Galaxies},
         year = "2014",
        month = "Dec",
       volume = {445},
       number = {3},
        pages = {2545-2557},
          doi = {10.1093/mnras/stu1848},
archivePrefix = {arXiv},
       eprint = {1405.4862},
 primaryClass = {astro-ph.GA},
       adsurl = {https://ui.adsabs.harvard.edu/abs/2014MNRAS.445.2545D},
      adsnote = {Provided by the SAO/NASA Astrophysics Data System}
}

@ARTICLE{Greig2019,
       author = {{Greig}, Bradley and {Mesinger}, Andrei and {Koopmans}, L{\'e}on V.~E.},
        title = "{Reionisation \&amp; Cosmic Dawn Astrophysics from the Square Kilometre Array: Impact of Observing Strategies}",
      journal = {arXiv e-prints},
     keywords = {Astrophysics - Cosmology and Nongalactic Astrophysics},
         year = "2019",
        month = "Jun",
          eid = {arXiv:1906.07910},
        pages = {arXiv:1906.07910},
archivePrefix = {arXiv},
       eprint = {1906.07910},
 primaryClass = {astro-ph.CO},
       adsurl = {https://ui.adsabs.harvard.edu/abs/2019arXiv190607910G},
      adsnote = {Provided by the SAO/NASA Astrophysics Data System}
}


@ARTICLE{Holzbauer2012,
       author = {{Holzbauer}, Lauren N. and {Furlanetto}, Steven R.},
        title = "{Fluctuations in the high-redshift Lyman-Werner and Ly{\ensuremath{\alpha}} radiation backgrounds}",
      journal = {\mnras},
     keywords = {stars: Population III, galaxies: haloes, galaxies: high-redshift, cosmology: theory, dark ages, reionization, first stars, Astrophysics - Cosmology and Nongalactic Astrophysics},
         year = "2012",
        month = "Jan",
       volume = {419},
       number = {1},
        pages = {718-731},
          doi = {10.1111/j.1365-2966.2011.19752.x},
archivePrefix = {arXiv},
       eprint = {1105.5648},
 primaryClass = {astro-ph.CO},
       adsurl = {https://ui.adsabs.harvard.edu/abs/2012MNRAS.419..718H},
      adsnote = {Provided by the SAO/NASA Astrophysics Data System}
}


@ARTICLE{Mesinger2014,
       author = {{Mesinger}, Andrei and {Ewall-Wice}, Aaron and {Hewitt}, Jacqueline},
        title = "{Reionization and beyond: detecting the peaks of the cosmological 21 cm signal}",
      journal = {\mnras},
     keywords = {galaxies: high-redshift, intergalactic medium, dark ages, reionization, first stars, diffuse radiation, early Universe, X-rays: diffuse background, Astrophysics - Cosmology and Nongalactic Astrophysics},
         year = "2014",
        month = "Apr",
       volume = {439},
       number = {4},
        pages = {3262-3274},
          doi = {10.1093/mnras/stu125},
archivePrefix = {arXiv},
       eprint = {1310.0465},
 primaryClass = {astro-ph.CO},
       adsurl = {https://ui.adsabs.harvard.edu/abs/2014MNRAS.439.3262M},
      adsnote = {Provided by the SAO/NASA Astrophysics Data System}
}


@ARTICLE{Fialkov2013,
       author = {{Fialkov}, Anastasia and {Barkana}, Rennan and {Visbal}, Eli and
         {Tseliakhovich}, Dmitriy and {Hirata}, Christopher M.},
        title = "{The 21-cm signature of the first stars during the Lyman-Werner feedback era}",
      journal = {\mnras},
     keywords = {galaxies: formation, galaxies: high-redshift, intergalactic medium, cosmology: theory, Astrophysics - Cosmology and Extragalactic Astrophysics},
         year = "2013",
        month = "Jul",
       volume = {432},
       number = {4},
        pages = {2909-2916},
          doi = {10.1093/mnras/stt650},
archivePrefix = {arXiv},
       eprint = {1212.0513},
 primaryClass = {astro-ph.CO},
       adsurl = {https://ui.adsabs.harvard.edu/abs/2013MNRAS.432.2909F},
      adsnote = {Provided by the SAO/NASA Astrophysics Data System}
}



@ARTICLE{Fialkov2014b,
       author = {{Fialkov}, Anastasia and {Barkana}, Rennan and {Visbal}, Eli},
        title = "{The observable signature of late heating of the Universe during cosmic reionization}",
      journal = {\nat},
     keywords = {Astrophysics - Cosmology and Nongalactic Astrophysics},
         year = "2014",
        month = "Feb",
       volume = {506},
       number = {7487},
        pages = {197-199},
          doi = {10.1038/nature12999},
archivePrefix = {arXiv},
       eprint = {1402.0940},
 primaryClass = {astro-ph.CO},
       adsurl = {https://ui.adsabs.harvard.edu/abs/2014Natur.506..197F},
      adsnote = {Provided by the SAO/NASA Astrophysics Data System}
}

@ARTICLE{Xu2014,
       author = {{Xu}, Hao and {Ahn}, Kyungjin and {Wise}, John H. and
         {Norman}, Michael L. and {O'Shea}, Brian W.},
        title = "{Heating the Intergalactic Medium by X-Rays from Population III Binaries in High-redshift Galaxies}",
      journal = {\apj},
     keywords = {cosmology: theory, dark ages, reionization, first stars, galaxy: high-redshift, hydrodynamics, methods: numerical, radiative transfer, X-rays: galaxies, Astrophysics - Cosmology and Nongalactic Astrophysics, Astrophysics - Astrophysics of Galaxies},
         year = "2014",
        month = "Aug",
       volume = {791},
       number = {2},
          eid = {110},
        pages = {110},
          doi = {10.1088/0004-637X/791/2/110},
archivePrefix = {arXiv},
       eprint = {1404.6555},
 primaryClass = {astro-ph.CO},
       adsurl = {https://ui.adsabs.harvard.edu/abs/2014ApJ...791..110X},
      adsnote = {Provided by the SAO/NASA Astrophysics Data System}
}

@ARTICLE{Mesinger2016,
       author = {{Mesinger}, Andrei and {Greig}, Bradley and {Sobacchi}, Emanuele},
        title = "{The Evolution Of 21 cm Structure (EOS): public, large-scale simulations of Cosmic Dawn and reionization}",
      journal = {\mnras},
     keywords = {galaxies: evolution, intergalactic medium, cosmology: theory, dark ages, reionization, first stars, diffuse radiation, early Universe, Astrophysics - Cosmology and Nongalactic Astrophysics, Astrophysics - Astrophysics of Galaxies},
         year = "2016",
        month = "Jul",
       volume = {459},
       number = {3},
        pages = {2342-2353},
          doi = {10.1093/mnras/stw831},
archivePrefix = {arXiv},
       eprint = {1602.07711},
 primaryClass = {astro-ph.CO},
       adsurl = {https://ui.adsabs.harvard.edu/abs/2016MNRAS.459.2342M},
      adsnote = {Provided by the SAO/NASA Astrophysics Data System}
}

@ARTICLE{Mesinger2011,
       author = {{Mesinger}, Andrei and {Furlanetto}, Steven and {Cen}, Renyue},
        title = "{21CMFAST: a fast, seminumerical simulation of the high-redshift 21-cm signal}",
      journal = {\mnras},
     keywords = {methods: numerical, galaxies: high redshift, dark ages, reionization, first stars, diffuse radiation, early Universe, large-scale structure of Universe, Astrophysics - Cosmology and Nongalactic Astrophysics},
         year = "2011",
        month = "Feb",
       volume = {411},
       number = {2},
        pages = {955-972},
          doi = {10.1111/j.1365-2966.2010.17731.x},
archivePrefix = {arXiv},
       eprint = {1003.3878},
 primaryClass = {astro-ph.CO},
       adsurl = {https://ui.adsabs.harvard.edu/abs/2011MNRAS.411..955M},
      adsnote = {Provided by the SAO/NASA Astrophysics Data System}
}



@ARTICLE{Haiman1997,
       author = {{Haiman}, Zolt{\'a}n and {Rees}, Martin J. and {Loeb}, Abraham},
        title = "{Destruction of Molecular Hydrogen during Cosmological Reionization}",
      journal = {\apj},
     keywords = {Cosmology: Theory, Cosmology: Early Universe, Galaxies: Formation, Molecular Processes, Radiative Transfer, Astrophysics},
         year = "1997",
        month = "Feb",
       volume = {476},
       number = {2},
        pages = {458-463},
          doi = {10.1086/303647},
archivePrefix = {arXiv},
       eprint = {astro-ph/9608130},
 primaryClass = {astro-ph},
       adsurl = {https://ui.adsabs.harvard.edu/abs/1997ApJ...476..458H},
      adsnote = {Provided by the SAO/NASA Astrophysics Data System}
}


@ARTICLE{Ross2017,
       author = {{Ross}, Hannah E. and {Dixon}, Keri L. and {Iliev}, Ilian T. and
         {Mellema}, Garrelt},
        title = "{Simulating the impact of X-ray heating during the cosmic dawn}",
      journal = {\mnras},
     keywords = {radiative transfer, galaxies: formation, intergalactic medium, dark ages, reionization, first stars, cosmology: theory, Astrophysics - Cosmology and Nongalactic Astrophysics},
         year = "2017",
        month = "Jul",
       volume = {468},
       number = {4},
        pages = {3785-3797},
          doi = {10.1093/mnras/stx649},
archivePrefix = {arXiv},
       eprint = {1607.06282},
 primaryClass = {astro-ph.CO},
       adsurl = {https://ui.adsabs.harvard.edu/abs/2017MNRAS.468.3785R},
      adsnote = {Provided by the SAO/NASA Astrophysics Data System}
}




@ARTICLE{Mutch2016,
       author = {{Mutch}, Simon J. and {Geil}, Paul M. and {Poole}, Gregory B. and
         {Angel}, Paul W. and {Duffy}, Alan R. and {Mesinger}, Andrei and
         {Wyithe}, J. Stuart B.},
        title = "{Dark-ages reionization and galaxy formation simulation - III. Modelling galaxy formation and the epoch of reionization}",
      journal = {\mnras},
     keywords = {galaxies: formation, galaxies: high redshift, dark ages, reionization, first stars, Astrophysics - Astrophysics of Galaxies},
         year = "2016",
        month = "Oct",
       volume = {462},
       number = {1},
        pages = {250-276},
          doi = {10.1093/mnras/stw1506},
archivePrefix = {arXiv},
       eprint = {1512.00562},
 primaryClass = {astro-ph.GA},
       adsurl = {https://ui.adsabs.harvard.edu/abs/2016MNRAS.462..250M},
      adsnote = {Provided by the SAO/NASA Astrophysics Data System}
}



@ARTICLE{Tacchella2018,
       author = {{Tacchella}, Sandro and {Bose}, Sownak and {Conroy}, Charlie and
         {Eisenstein}, Daniel J. and {Johnson}, Benjamin D.},
        title = "{A Redshift-independent Efficiency Model: Star Formation and Stellar Masses in Dark Matter Halos at z {\ensuremath{\gtrsim}} 4}",
      journal = {\apj},
     keywords = {cosmology: theory, galaxies: evolution, galaxies: formation, galaxies: high-redshift, stars: formation, Astrophysics - Astrophysics of Galaxies, Astrophysics - Cosmology and Nongalactic Astrophysics},
         year = "2018",
        month = "Dec",
       volume = {868},
       number = {2},
          eid = {92},
        pages = {92},
          doi = {10.3847/1538-4357/aae8e0},
archivePrefix = {arXiv},
       eprint = {1806.03299},
 primaryClass = {astro-ph.GA},
       adsurl = {https://ui.adsabs.harvard.edu/abs/2018ApJ...868...92T},
      adsnote = {Provided by the SAO/NASA Astrophysics Data System}
}



@ARTICLE{Mashian2016,
       author = {{Mashian}, Natalie and {Oesch}, Pascal A. and {Loeb}, Abraham},
        title = "{An empirical model for the galaxy luminosity and star formation rate function at high redshift}",
      journal = {\mnras},
     keywords = {galaxies: high-redshift, galaxies: luminosity function, mass function, cosmology: theory, Astrophysics - Astrophysics of Galaxies},
         year = "2016",
        month = "Jan",
       volume = {455},
       number = {2},
        pages = {2101-2109},
          doi = {10.1093/mnras/stv2469},
archivePrefix = {arXiv},
       eprint = {1507.00999},
 primaryClass = {astro-ph.GA},
       adsurl = {https://ui.adsabs.harvard.edu/abs/2016MNRAS.455.2101M},
      adsnote = {Provided by the SAO/NASA Astrophysics Data System}
}



@article{Bromm1999,
author = {Bromm, Volker and Coppi, Paolo S and Coppi, Paolo S and Larson, Richard B and Larson, Richard B},
title = {{Forming the first stars in the universe: the fragmentation of primordial gas}},
journal = {The Astrophysical Journal},
year = {1999},
volume = {527},
number = {1},
pages = {L5}
}

@ARTICLE{Abel2000,
       author = {{Abel}, Tom and {Bryan}, Greg L. and {Norman}, Michael L.},
        title = "{The Formation and Fragmentation of Primordial Molecular Clouds}",
      journal = {\apj},
     keywords = {Cosmology: Theory, Galaxies: Formation, Methods: Numerical, Astrophysics},
         year = "2000",
        month = "Sep",
       volume = {540},
       number = {1},
        pages = {39-44},
          doi = {10.1086/309295},
archivePrefix = {arXiv},
       eprint = {astro-ph/0002135},
 primaryClass = {astro-ph},
       adsurl = {https://ui.adsabs.harvard.edu/abs/2000ApJ...540...39A},
      adsnote = {Provided by the SAO/NASA Astrophysics Data System}
}




@article{Trenti2010,
author = {Trenti, M and Stiavelli, M and Bouwens, R J and Oesch, P and Shull, J M and Illingworth, G D and Bradley, L D and Carollo, C M},
title = {{THE GALAXY LUMINOSITY FUNCTION DURING THE REIONIZATION EPOCH}},
journal = {The Astrophysical Journal},
year = {2010},
volume = {714},
number = {2},
pages = {L202--L207},
month = apr
}


@ARTICLE{Behroozi2019,
       author = {{Behroozi}, Peter and {Wechsler}, Risa H. and {Hearin}, Andrew P. and
         {Conroy}, Charlie},
        title = "{UniverseMachine: The Correlation between Galaxy Growth and Dark Matter Halo Assembly from z = 0 - 10}",
      journal = {\mnras},
     keywords = {galaxies: formation, galaxies: haloes, Astrophysics - Astrophysics of Galaxies},
         year = "2019",
        month = "May",
        pages = {1134},
          doi = {10.1093/mnras/stz1182},
archivePrefix = {arXiv},
       eprint = {1806.07893},
 primaryClass = {astro-ph.GA},
       adsurl = {https://ui.adsabs.harvard.edu/abs/2019MNRAS.tmp.1134B},
      adsnote = {Provided by the SAO/NASA Astrophysics Data System}
}


@ARTICLE{Ma2015,
       author = {{Ma}, Xiangcheng and {Kasen}, Daniel and {Hopkins}, Philip F. and
         {Faucher-Gigu{\`e}re}, Claude-Andr{\'e} and {Quataert}, Eliot and
         {Kere{\v{s}}}, Du{\v{s}}an and {Murray}, Norman},
        title = "{The difficulty of getting high escape fractions of ionizing photons from high-redshift galaxies: a view from the FIRE cosmological simulations}",
      journal = {\mnras},
     keywords = {galaxies: evolution, galaxies: formation, galaxies: high-redshift, cosmology: theory, Astrophysics - Astrophysics of Galaxies, Astrophysics - Cosmology and Nongalactic Astrophysics},
         year = "2015",
        month = "Oct",
       volume = {453},
       number = {1},
        pages = {960-975},
          doi = {10.1093/mnras/stv1679},
archivePrefix = {arXiv},
       eprint = {1503.07880},
 primaryClass = {astro-ph.GA},
       adsurl = {https://ui.adsabs.harvard.edu/abs/2015MNRAS.453..960M},
      adsnote = {Provided by the SAO/NASA Astrophysics Data System}
}



@article{Kimm2014,
author = {Kimm, Taysun and Cen, Renyue},
title = {{Escape Fraction of Ionizing Photons during Reionization: Effects due to Supernova Feedback and Runaway OB Stars}},
journal = {The Astrophysical Journal},
year = {2014},
volume = {788},
number = {2},
pages = {121},
month = jun
}


@article{Wise2009,
author = {Wise, John H and Cen, Renyue},
title = {{IONIZING PHOTON ESCAPE FRACTIONS FROM HIGH-REDSHIFT DWARF GALAXIES}},
journal = {The Astrophysical Journal},
year = {2009},
volume = {693},
number = {1},
pages = {984--999},
month = mar
}

@ARTICLE{Eldridge2009,
       author = {{Eldridge}, John J. and {Stanway}, Elizabeth R.},
        title = "{Spectral population synthesis including massive binaries}",
      journal = {\mnras},
     keywords = {binaries: general, stars: evolution, stars: Wolf-Rayet, galaxies: starburst, galaxies: star clusters, galaxies: stellar content, Astrophysics - Cosmology and Nongalactic Astrophysics, Astrophysics - Solar and Stellar Astrophysics},
         year = "2009",
        month = "Dec",
       volume = {400},
       number = {2},
        pages = {1019-1028},
          doi = {10.1111/j.1365-2966.2009.15514.x},
archivePrefix = {arXiv},
       eprint = {0908.1386},
 primaryClass = {astro-ph.CO},
       adsurl = {https://ui.adsabs.harvard.edu/abs/2009MNRAS.400.1019E},
      adsnote = {Provided by the SAO/NASA Astrophysics Data System}
}


@ARTICLE{Leitherer1999,
       author = {{Leitherer}, Claus and {Schaerer}, Daniel and {Goldader}, Jeffrey D. and
         {Delgado}, Rosa M. Gonz{\'a}lez and {Robert}, Carmelle and
         {Kune}, Denis Foo and {de Mello}, Du{\'\i}lia F. and {Devost}, Daniel and
         {Heckman}, Timothy M.},
        title = "{Starburst99: Synthesis Models for Galaxies with Active Star Formation}",
      journal = {\apjs},
     keywords = {GALAXIES: EVOLUTION, GALAXIES: FUNDAMENTAL PARAMETERS, GALAXIES: STARBURST, GALAXIES: STELLAR CONTENT, METHODS: NUMERICAL, Galaxies: Evolution, Galaxies: Fundamental Parameters, Galaxies: Starburst, Galaxies: Stellar Content, Methods: Numerical, Astrophysics},
         year = "1999",
        month = "Jul",
       volume = {123},
       number = {1},
        pages = {3-40},
          doi = {10.1086/313233},
archivePrefix = {arXiv},
       eprint = {astro-ph/9902334},
 primaryClass = {astro-ph},
       adsurl = {https://ui.adsabs.harvard.edu/abs/1999ApJS..123....3L},
      adsnote = {Provided by the SAO/NASA Astrophysics Data System}
}


@ARTICLE{Conroy2009,
       author = {{Conroy}, Charlie and {Gunn}, James E. and {White}, Martin},
        title = "{The Propagation of Uncertainties in Stellar Population Synthesis Modeling. I. The Relevance of Uncertain Aspects of Stellar Evolution and the Initial Mass Function to the Derived Physical Properties of Galaxies}",
      journal = {\apj},
     keywords = {galaxies: evolution, galaxies: stellar content, stars: evolution, Astrophysics},
         year = "2009",
        month = "Jul",
       volume = {699},
       number = {1},
        pages = {486-506},
          doi = {10.1088/0004-637X/699/1/486},
archivePrefix = {arXiv},
       eprint = {0809.4261},
 primaryClass = {astro-ph},
       adsurl = {https://ui.adsabs.harvard.edu/abs/2009ApJ...699..486C},
      adsnote = {Provided by the SAO/NASA Astrophysics Data System}
}


@article{Trac2015,
author = {Trac, Hy and Cen, Renyue and Mansfield, Philip},
title = {{SCORCH I: The Galaxy-Halo Connection in the First Billion Years}},
journal = {The Astrophysical Journal},
year = {2015},
volume = {813},
number = {1},
pages = {54},
month = nov
}


@ARTICLE{Tinker2010,
       author = {{Tinker}, Jeremy L. and {Robertson}, Brant E. and {Kravtsov}, Andrey V. and
         {Klypin}, Anatoly and {Warren}, Michael S. and {Yepes}, Gustavo and
         {Gottl{\"o}ber}, Stefan},
        title = "{The Large-scale Bias of Dark Matter Halos: Numerical Calibration and Model Tests}",
      journal = {\apj},
     keywords = {cosmology: theory, large-scale structure of universe, methods: numerical, Astrophysics - Cosmology and Nongalactic Astrophysics},
         year = "2010",
        month = "Dec",
       volume = {724},
       number = {2},
        pages = {878-886},
          doi = {10.1088/0004-637X/724/2/878},
archivePrefix = {arXiv},
       eprint = {1001.3162},
 primaryClass = {astro-ph.CO},
       adsurl = {https://ui.adsabs.harvard.edu/abs/2010ApJ...724..878T},
      adsnote = {Provided by the SAO/NASA Astrophysics Data System}
}


@ARTICLE{SMT2001,
       author = {{Sheth}, Ravi K. and {Mo}, H.~J. and {Tormen}, Giuseppe},
        title = "{Ellipsoidal collapse and an improved model for the number and spatial distribution of dark matter haloes}",
      journal = {\mnras},
     keywords = {GALAXIES: CLUSTERS: GENERAL, COSMOLOGY: THEORY, DARK MATTER, Astrophysics},
         year = "2001",
        month = "May",
       volume = {323},
       number = {1},
        pages = {1-12},
          doi = {10.1046/j.1365-8711.2001.04006.x},
archivePrefix = {arXiv},
       eprint = {astro-ph/9907024},
 primaryClass = {astro-ph},
       adsurl = {https://ui.adsabs.harvard.edu/abs/2001MNRAS.323....1S},
      adsnote = {Provided by the SAO/NASA Astrophysics Data System}
}



@ARTICLE{PS1974,
       author = {{Press}, William H. and {Schechter}, Paul},
        title = "{Formation of Galaxies and Clusters of Galaxies by Self-Similar Gravitational Condensation}",
      journal = {\apj},
         year = "1974",
        month = "Feb",
       volume = {187},
        pages = {425-438},
          doi = {10.1086/152650},
       adsurl = {https://ui.adsabs.harvard.edu/abs/1974ApJ...187..425P},
      adsnote = {Provided by the SAO/NASA Astrophysics Data System}
}



@ARTICLE{Mirocha2017,
       author = {{Mirocha}, Jordan and {Furlanetto}, Steven R. and {Sun}, Guochao},
        title = "{The global 21-cm signal in the context of the high- z galaxy luminosity function}",
      journal = {\mnras},
     keywords = {galaxies: high-redshift, intergalactic medium, galaxies: luminosity function, mass function, dark ages, reionization, first stars, diffuse radiation, Astrophysics - Astrophysics of Galaxies},
         year = "2017",
        month = "Jan",
       volume = {464},
       number = {2},
        pages = {1365-1379},
          doi = {10.1093/mnras/stw2412},
archivePrefix = {arXiv},
       eprint = {1607.00386},
 primaryClass = {astro-ph.GA},
       adsurl = {https://ui.adsabs.harvard.edu/abs/2017MNRAS.464.1365M},
      adsnote = {Provided by the SAO/NASA Astrophysics Data System}
}



@ARTICLE{Park2019,
       author = {{Park}, Jaehong and {Mesinger}, Andrei and {Greig}, Bradley and
         {Gillet}, Nicolas},
        title = "{Inferring the astrophysics of reionization and cosmic dawn from galaxy luminosity functions and the 21-cm signal}",
      journal = {\mnras},
     keywords = {galaxies: high-redshift, intergalactic medium, dark ages, reionization, first stars, diffuse radiation, early Universe, cosmology: theory, Astrophysics - Astrophysics of Galaxies, Astrophysics - Cosmology and Nongalactic Astrophysics},
         year = "2019",
        month = "Mar",
       volume = {484},
       number = {1},
        pages = {933-949},
          doi = {10.1093/mnras/stz032},
archivePrefix = {arXiv},
       eprint = {1809.08995},
 primaryClass = {astro-ph.GA},
       adsurl = {https://ui.adsabs.harvard.edu/abs/2019MNRAS.484..933P},
      adsnote = {Provided by the SAO/NASA Astrophysics Data System}
}


@ARTICLE{Knevitt2014,
       author = {{Knevitt}, G. and {Wynn}, G.~A. and {Power}, C. and {Bolton}, J.~S.},
        title = "{Heating and ionization of the primordial intergalactic medium by high-mass X-ray binaries}",
      journal = {\mnras},
     keywords = {galaxies: formation, cosmology: theory, X-rays: binaries, Astrophysics - Astrophysics of Galaxies, Astrophysics - Cosmology and Nongalactic Astrophysics, Astrophysics - High Energy Astrophysical Phenomena},
         year = "2014",
        month = "Dec",
       volume = {445},
       number = {2},
        pages = {2034-2048},
          doi = {10.1093/mnras/stu1803},
archivePrefix = {arXiv},
       eprint = {1409.1267},
 primaryClass = {astro-ph.GA},
       adsurl = {https://ui.adsabs.harvard.edu/abs/2014MNRAS.445.2034K},
      adsnote = {Provided by the SAO/NASA Astrophysics Data System}
}


@ARTICLE{Mirabel2011,
       author = {{Mirabel}, I.~F. and {Dijkstra}, M. and {Laurent}, P. and {Loeb}, A. and
         {Pritchard}, J.~R.},
        title = "{Stellar black holes at the dawn of the universe}",
      journal = {\aap},
     keywords = {X-rays: binaries, black hole physics, dark ages, reionization, first stars, cosmology: miscellaneous, intergalactic medium, Astrophysics - Cosmology and Nongalactic Astrophysics},
         year = "2011",
        month = "Apr",
       volume = {528},
          eid = {A149},
        pages = {A149},
          doi = {10.1051/0004-6361/201016357},
archivePrefix = {arXiv},
       eprint = {1102.1891},
 primaryClass = {astro-ph.CO},
       adsurl = {https://ui.adsabs.harvard.edu/abs/2011A&A...528A.149M},
      adsnote = {Provided by the SAO/NASA Astrophysics Data System}
}

@ARTICLE{Mirocha2018,
       author = {{Mirocha}, Jordan and {Mebane}, Richard H. and {Furlanetto}, Steven R. and
         {Singal}, Krishma and {Trinh}, Donald},
        title = "{Unique signatures of Population III stars in the global 21-cm signal}",
      journal = {\mnras},
     keywords = {galaxies: high-redshift, intergalactic medium, galaxies: luminosity function, mass function, dark ages, reionization, first stars, diffuse radiation, Astrophysics - Astrophysics of Galaxies, Astrophysics - Cosmology and Nongalactic Astrophysics},
         year = "2018",
        month = "Aug",
       volume = {478},
       number = {4},
        pages = {5591-5606},
          doi = {10.1093/mnras/sty1388},
archivePrefix = {arXiv},
       eprint = {1710.02530},
 primaryClass = {astro-ph.GA},
       adsurl = {https://ui.adsabs.harvard.edu/abs/2018MNRAS.478.5591M},
      adsnote = {Provided by the SAO/NASA Astrophysics Data System}
}

@ARTICLE{McQuinn2012,
       author = {{McQuinn}, Matthew},
        title = "{Constraints on X-ray emissions from the reionization era}",
      journal = {\mnras},
     keywords = {quasars: absorption lines, cosmology: theory, large-scale structure of Universe, Astrophysics - Cosmology and Nongalactic Astrophysics, Astrophysics - High Energy Astrophysical Phenomena},
         year = "2012",
        month = "Oct",
       volume = {426},
       number = {2},
        pages = {1349-1360},
          doi = {10.1111/j.1365-2966.2012.21792.x},
archivePrefix = {arXiv},
       eprint = {1206.1335},
 primaryClass = {astro-ph.CO},
       adsurl = {https://ui.adsabs.harvard.edu/abs/2012MNRAS.426.1349M},
      adsnote = {Provided by the SAO/NASA Astrophysics Data System}
}

@ARTICLE{Madau1997,
       author = {{Madau}, Piero and {Meiksin}, Avery and {Rees}, Martin J.},
        title = "{21 Centimeter Tomography of the Intergalactic Medium at High Redshift}",
      journal = {\apj},
     keywords = {Cosmology: Theory, Cosmology: Diffuse Radiation, Galaxies: Intergalactic Medium, Galaxies: Quasars: General, Radio Lines: General, Astrophysics},
         year = "1997",
        month = "Feb",
       volume = {475},
       number = {2},
        pages = {429-444},
          doi = {10.1086/303549},
archivePrefix = {arXiv},
       eprint = {astro-ph/9608010},
 primaryClass = {astro-ph},
       adsurl = {https://ui.adsabs.harvard.edu/abs/1997ApJ...475..429M},
      adsnote = {Provided by the SAO/NASA Astrophysics Data System}
}

@ARTICLE{Tegmark1997,
       author = {{Tegmark}, Max and {Silk}, Joseph and {Rees}, Martin J. and
         {Blanchard}, Alain and {Abel}, Tom and {Palla}, Francesco},
        title = "{How Small Were the First Cosmological Objects?}",
      journal = {\apj},
     keywords = {COSMOLOGY: THEORY, COSMOLOGY: EARLY UNIVERSE, GALAXIES: FORMATION, Astrophysics},
         year = "1997",
        month = "Jan",
       volume = {474},
        pages = {1},
          doi = {10.1086/303434},
archivePrefix = {arXiv},
       eprint = {astro-ph/9603007},
 primaryClass = {astro-ph},
       adsurl = {https://ui.adsabs.harvard.edu/abs/1997ApJ...474....1T},
      adsnote = {Provided by the SAO/NASA Astrophysics Data System}
}

@ARTICLE{Thomas2008,
       author = {{Thomas}, Rajat M. and {Zaroubi}, Saleem},
        title = "{Time-evolution of ionization and heating around first stars and miniqsos}",
      journal = {\mnras},
     keywords = {quasars: general, cosmology: observations, cosmology: theory, diffuse radiation, radio lines: general, Astrophysics},
         year = "2008",
        month = "Mar",
       volume = {384},
       number = {3},
        pages = {1080-1096},
          doi = {10.1111/j.1365-2966.2007.12767.x},
archivePrefix = {arXiv},
       eprint = {0709.1657},
 primaryClass = {astro-ph},
       adsurl = {https://ui.adsabs.harvard.edu/abs/2008MNRAS.384.1080T},
      adsnote = {Provided by the SAO/NASA Astrophysics Data System}
}

@article{Thomas2009,
author = {Thomas, Rajat M and Zaroubi, Saleem and Ciardi, Benedetta and Pawlik, Andreas H and Labropoulos, Panagiotis and Jelic, Vibor and Bernardi, Gianni and Brentjens, Michiel A and de Bruyn, A G and Harker, Geraint J A and Koopmans, Leon V E and Mellema, Garrelt and Pandey, V N and Schaye, Joop and Yatawatta, Sarod},
title = {{Fast large-scale reionization simulations}},
journal = {Monthly Notices of the Royal Astronomical Society},
year = {2009},
volume = {393},
number = {1},
pages = {32--48},
month = feb
}

@ARTICLE{Kramer2008,
       author = {{Kramer}, R.~H. and {Haiman}, Z.},
        title = "{The thickness of high-redshift quasar ionization fronts as a constraint on the ionizing spectral energy distribution}",
      journal = {\mnras},
     keywords = {quasars: absorption lines, quasars: general, cosmology: observation, cosmology: theory, radio lines: general, ultraviolet: general},
         year = "2008",
        month = "Apr",
       volume = {385},
       number = {3},
        pages = {1561-1575},
          doi = {10.1111/j.1365-2966.2008.12945.x},
       adsurl = {https://ui.adsabs.harvard.edu/abs/2008MNRAS.385.1561K},
      adsnote = {Provided by the SAO/NASA Astrophysics Data System}
}



@article{Mirocha2014,
author = {Mirocha, Jordan},
title = {{Decoding the X-ray properties of pre-reionization era sources}},
journal = {Monthly Notices of the Royal Astronomical Society},
year = {2014},
volume = {443},
number = {2},
pages = {1211--1223},
month = jul
}

@article{Pritchard2006,
author = {Pritchard, Jonathan R and Furlanetto, Steven R},
title = {{Descending from on high: Lyman-series cascades and spin-kinetic temperature coupling in the 21-cm line}},
journal = {Monthly Notices of the Royal Astronomical Society},
year = {2006},
volume = {367},
number = {3},
pages = {1057--1066},
month = apr
}



@ARTICLE{Gnedin2014,
       author = {{Gnedin}, Nickolay Y.},
        title = "{Cosmic Reionization on Computers. I. Design and Calibration of Simulations}",
      journal = {\apj},
     keywords = {cosmology: theory, galaxies: formation, intergalactic medium, large-scale structure of universe, methods: numerical, Astrophysics - Cosmology and Nongalactic Astrophysics},
         year = "2014",
        month = "Sep",
       volume = {793},
       number = {1},
          eid = {29},
        pages = {29},
          doi = {10.1088/0004-637X/793/1/29},
archivePrefix = {arXiv},
       eprint = {1403.4245},
 primaryClass = {astro-ph.CO},
       adsurl = {https://ui.adsabs.harvard.edu/abs/2014ApJ...793...29G},
      adsnote = {Provided by the SAO/NASA Astrophysics Data System}
}

@ARTICLE{Haardt1996,
   author = {{Haardt}, F. and {Madau}, P.},
    title = "{Radiative Transfer in a Clumpy Universe. II. The Ultraviolet Extragalactic Background}",
  journal = {\apj},
   eprint = {arXiv:astro-ph/9509093},
 keywords = {COSMOLOGY: THEORY, COSMOLOGY: DIFFUSE RADIATION, GALAXIES: INTERGALACTIC MEDIUM, GALAXIES: QUASARS: ABSORPTION LINES, RADIATIVE TRANSFER},
     year = 1996,
    month = apr,
   volume = 461,
    pages = {20},
      doi = {10.1086/177035},
   adsurl = {http://adsabs.harvard.edu/abs/1996ApJ...461...20H},
  adsnote = {Provided by the SAO/NASA Astrophysics Data System}
}

@ARTICLE{Ocvirk2016,
       author = {{Ocvirk}, Pierre and {Gillet}, Nicolas and {Shapiro}, Paul R. and
         {Aubert}, Dominique and {Iliev}, Ilian T. and {Teyssier}, Romain and
         {Yepes}, Gustavo and {Choi}, Jun-Hwan and {Sullivan}, David and
         {Knebe}, Alexander and {Gottl{\"o}ber}, Stefan and {D'Aloisio}, Anson and
         {Park}, Hyunbae and {Hoffman}, Yehuda and {Stranex}, Timothy},
        title = "{Cosmic Dawn (CoDa): the First Radiation-Hydrodynamics Simulation of Reionization and Galaxy Formation in the Local Universe}",
      journal = {\mnras},
     keywords = {reionization, intergalactic medium, galaxies: formation, high redshift, luminosity function, Local Group, radiative transfer, methods: numerical, Astrophysics - Astrophysics of Galaxies, Astrophysics - Cosmology and Nongalactic Astrophysics},
         year = "2016",
        month = "Dec",
       volume = {463},
       number = {2},
        pages = {1462-1485},
          doi = {10.1093/mnras/stw2036},
archivePrefix = {arXiv},
       eprint = {1511.00011},
 primaryClass = {astro-ph.GA},
       adsurl = {https://ui.adsabs.harvard.edu/abs/2016MNRAS.463.1462O},
      adsnote = {Provided by the SAO/NASA Astrophysics Data System}
}



@ARTICLE{OShea2015,
       author = {{O'Shea}, Brian W. and {Wise}, John H. and {Xu}, Hao and
         {Norman}, Michael L.},
        title = "{Probing the Ultraviolet Luminosity Function of the Earliest Galaxies with the Renaissance Simulations}",
      journal = {\apjl},
     keywords = {galaxies: evolution, galaxies: formation, galaxies: high-redshift, Astrophysics - Astrophysics of Galaxies},
         year = "2015",
        month = "Jul",
       volume = {807},
       number = {1},
          eid = {L12},
        pages = {L12},
          doi = {10.1088/2041-8205/807/1/L12},
archivePrefix = {arXiv},
       eprint = {1503.01110},
 primaryClass = {astro-ph.GA},
       adsurl = {https://ui.adsabs.harvard.edu/abs/2015ApJ...807L..12O},
      adsnote = {Provided by the SAO/NASA Astrophysics Data System}
}



@ARTICLE{Wise2011,
       author = {{Wise}, John H. and {Abel}, Tom},
        title = "{ENZO+MORAY: radiation hydrodynamics adaptive mesh refinement simulations with adaptive ray tracing}",
      journal = {\mnras},
     keywords = {hydrodynamics, radiative transfer, methods: numerical, Astrophysics - Instrumentation and Methods for Astrophysics, Astrophysics - Cosmology and Nongalactic Astrophysics},
         year = "2011",
        month = "Jul",
       volume = {414},
       number = {4},
        pages = {3458-3491},
          doi = {10.1111/j.1365-2966.2011.18646.x},
archivePrefix = {arXiv},
       eprint = {1012.2865},
 primaryClass = {astro-ph.IM},
       adsurl = {https://ui.adsabs.harvard.edu/abs/2011MNRAS.414.3458W},
      adsnote = {Provided by the SAO/NASA Astrophysics Data System}
}


@ARTICLE{Oh2001,
       author = {{Oh}, S. Peng},
        title = "{Reionization by Hard Photons. I. X-Rays from the First Star Clusters}",
      journal = {\apj},
     keywords = {Cosmology: Theory, Galaxies: Formation, Galaxies: Intergalactic Medium, Astrophysics},
         year = "2001",
        month = "Jun",
       volume = {553},
       number = {2},
        pages = {499-512},
          doi = {10.1086/320957},
archivePrefix = {arXiv},
       eprint = {astro-ph/0005262},
 primaryClass = {astro-ph},
       adsurl = {https://ui.adsabs.harvard.edu/abs/2001ApJ...553..499O},
      adsnote = {Provided by the SAO/NASA Astrophysics Data System}
}




@ARTICLE{Leitherer1999,
       author = {{Leitherer}, Claus and {Schaerer}, Daniel and {Goldader}, Jeffrey D. and
         {Delgado}, Rosa M. Gonz{\'a}lez and {Robert}, Carmelle and
         {Kune}, Denis Foo and {de Mello}, Du{\'\i}lia F. and {Devost}, Daniel and
         {Heckman}, Timothy M.},
        title = "{Starburst99: Synthesis Models for Galaxies with Active Star Formation}",
      journal = {The Astrophysical Journal Supplement Series},
     keywords = {GALAXIES: EVOLUTION, GALAXIES: FUNDAMENTAL PARAMETERS, GALAXIES: STARBURST, GALAXIES: STELLAR CONTENT, METHODS: NUMERICAL, Galaxies: Evolution, Galaxies: Fundamental Parameters, Galaxies: Starburst, Galaxies: Stellar Content, Methods: Numerical, Astrophysics},
         year = "1999",
        month = "Jul",
       volume = {123},
       number = {1},
        pages = {3-40},
          doi = {10.1086/313233},
archivePrefix = {arXiv},
       eprint = {astro-ph/9902334},
 primaryClass = {astro-ph},
       adsurl = {https://ui.adsabs.harvard.edu/abs/1999ApJS..123....3L},
      adsnote = {Provided by the SAO/NASA Astrophysics Data System}
}

@ARTICLE{Eldridge2009,
       author = {{Eldridge}, John J. and {Stanway}, Elizabeth R.},
        title = "{Spectral population synthesis including massive binaries}",
      journal = {\mnras},
     keywords = {binaries: general, stars: evolution, stars: Wolf-Rayet, galaxies: starburst, galaxies: star clusters, galaxies: stellar content, Astrophysics - Cosmology and Nongalactic Astrophysics, Astrophysics - Solar and Stellar Astrophysics},
         year = "2009",
        month = "Dec",
       volume = {400},
       number = {2},
        pages = {1019-1028},
          doi = {10.1111/j.1365-2966.2009.15514.x},
archivePrefix = {arXiv},
       eprint = {0908.1386},
 primaryClass = {astro-ph.CO},
       adsurl = {https://ui.adsabs.harvard.edu/abs/2009MNRAS.400.1019E},
      adsnote = {Provided by the SAO/NASA Astrophysics Data System}
}




@article{Furlanetto2004,
author = {Furlanetto, Steven and Zaldarriaga, Matias and Hernquist, Lars},
title = {{The Growth of HII Regions During Reionization}},
journal = {arXiv.org},
year = {2004},
eprint = {astro-ph/0403697v1},
eprinttype = {arxiv},
eprintclass = {astro-ph},
month = mar
}

@article{Shull1979,
author = {Shull, J M},
title = {{Heating and ionization by X-ray photoelectrons}},
journal = {The Astrophysical Journal},
year = {1979},
volume = {234},
pages = {761},
month = dec,
annote = {A{\&}amp;AA ID. AAA026.022.139}
}

@article{Shull1985,
author = {Shull, J M and van Steenberg, M E},
title = {{X-ray secondary heating and ionization in quasar emission-line clouds}},
journal = {The Astrophysical Journal},
year = {1985},
volume = {298},
pages = {268},
month = nov
}

@article{Furlanetto2010,
author = {Furlanetto, Steven R and Johnson Stoever, Samuel},
title = {{Secondary ionization and heating by fast electrons}},
journal = {Monthly Notices of the Royal Astronomical Society},
year = {2010},
volume = {404},
pages = {1869},
month = jun,
annote = {(c) Journal compilation {\textcopyright} 2010 RAS}
}


@ARTICLE{Abel1999,
   author = {{Abel}, T. and {Norman}, M.~L. and {Madau}, P.},
    title = "{Photon-conserving Radiative Transfer around Point Sources in Multidimensional Numerical Cosmology}",
  journal = {\apj},
   eprint = {arXiv:astro-ph/9812151},
 keywords = {COSMOLOGY: THEORY, GALAXIES: FORMATION, GALAXIES: ISM, GALAXIES: INTERGALACTIC MEDIUM, RADIATIVE TRANSFER},
     year = 1999,
    month = sep,
   volume = 523,
    pages = {66-71},
      doi = {10.1086/307739},
   adsurl = {http://adsabs.harvard.edu/abs/1999ApJ...523...66A},
  adsnote = {Provided by the SAO/NASA Astrophysics Data System}
}



@article{Chuzhoy2006,
author = {Chuzhoy, Leonid and Alvarez, Marcelo A and Shapiro, Paul R},
title = {{Recognizing the First Radiation Sources through Their 21 cm Signature}},
journal = {\apj},
year = {2006},
volume = {648},
number = {1},
pages = {L1--L4},
month = aug
}


@ARTICLE{Field1958,
   author = {{Field}, G.~B.},
    title = "{Excitation of the Hydrogen 21-CM Line}",
  journal = {Proceedings of the IRE},
     year = 1958,
    month = jan,
   volume = 46,
    pages = {240-250},
      doi = {10.1109/JRPROC.1958.286741},
   adsurl = {http://adsabs.harvard.edu/abs/1958PIRE...46..240F},
  adsnote = {Provided by the SAO/NASA Astrophysics Data System}
}


@ARTICLE{Wouthuysen1952,
   author = {{Wouthuysen}, S.~A.},
    title = "{On the excitation mechanism of the 21-cm (radio-frequency) interstellar hydrogen emission line.}",
  journal = {\aj},
     year = 1952,
   volume = 57,
    pages = {31-32},
      doi = {10.1086/106661},
   adsurl = {http://adsabs.harvard.edu/abs/1952AJ.....57R..31W},
  adsnote = {Provided by the SAO/NASA Astrophysics Data System}
}
